2016 3780
91 194 94 199 ,
143 154 151 167 '
219 151 496 223 Nnn'nnnio
543 151 708 223 XLIX.
801 163 861 238 its

82 253 183 316 medio
196 277 317 327 omnes,
330 252 588 335 purgatoqueloco
597 257 681 318 citati
693 257 803 315 milites
813 278 866 316 no-
950 295 953 303 ·

83 337 223 395 minatim
234 336 310 416 apud
326 339 457 396 tribunos
467 337 594 397 militum
612 340 642 395 in
655 338 743 396 verba
757 339 787 396 P.
803 338 869 396 Sci-

84 417 185 496 pionis
201 419 356 492 jurarunt,
370 419 609 496 stipendiumque
629 422 697 494 (24)
710 417 745 476 ad
760 436 867 475 nomen

84 497 209 572 singofis
238 496 432 575 persolutum.
467 499 551 556 Hunc
582 497 671 557 finem
696 500 868 571 exitumque

85 576 192 633 seditio
209 579 341 636 militum
363 589 460 657 coepta
482 577 561 659 apud
575 579 736 658 Sucronem
754 577 866 637 habuit.

119 688 158 832 id]
167 715 177 780 (
195 716 243 772 Ad
258 719 375 785 nomen)
396 719 435 770 Ut
448 719 558 789 quisque
571 719 603 771 ad
616 736 715 771 nomen
728 736 803 770 suum
815 735 869 770 res-

82 797 140 848 pon
160 797 222 835 erat.

89 897 872 935 w
917 936 922 943 ,

153 984 568 1056 NARRATIO
615 989 793 1060 XLIX.

92 1105 97 1111 ’
302 1103 375 1174 Res
396 1103 657 1182 Locrensium.
734 1100 741 1163 ἱ

94 1350 109 1360 .,
121 1310 218 1362 Locris
229 1311 348 1380 receptis
360 1350 367 1374 ‚
381 1311 476 1381 Scipio
490 1312 653 1381 praesidinm
667 1331 782 1381 crineque
804 1312 872 1364 Pte·
889 1314 1001 1371 U.c.547·

87 1376 174 1431 minio
188 1376 214 1426 Ie
237 1391 282 1429 ato
297 1397 349 1439 ,ac
361 1378 464 1430 dnobus
474 1379 590 1433 tribunis
602 1377 723 1430 militnm
736 1379 871 1446 imposne·
886 1376 939 1424 ³·C·
948 1379 1001 1428 ²05·

88 1457 140 1494 rat.
155 1442 199 1495 Ab
219 1443 254 1494 ris
269 1445 421 1499 Locrenses
433 1443 598 1512 itdsnperbe
616 1458 643 1499 et
655 1445 807 1496 creduliter
824 1443 873 1496 ha-

88 1507 141 1560 biti
149 1521 226 1570 sunt,
239 1522 266 1560 nt
288 1507 361 1560 niln'l
369 1510 503 1575 oninium,
518 1519 581 1578 qnae
595 1511 671 1587 inopi
688 1510 794 1562 invisas
806 1531 872 1580 opes

86 1573 251 1643 potentioris
261 1573 376 1645 faciunt
389 1615 395 1638 ,
406 1577 620 1642 praetermissmn
631 1596 664 1637 tn»
675 1575 823 1644 oppidanos
836 1577 874 1629 sit

87 1639 122 1690 ab
137 1640 224 1703 duce,
239 1656 286 1693 ant
301 1642 318 1693 ti
332 1641 477 1693 militibus.
489 1643 603 1710 Direpti
613 1660 722 1720 quoqne
736 1641 769 1692 ab
781 1641 819 1693 iis
829 1663 876 1694 sa-

88 1705 133 1758 cri
144 1707 322 1776 Proserpinae
334 1705 457 1759 thesauri
464 1745 471 1770 ‚
484 1709 544 1759 orto⁴
554 1709 736 1761 deindeinter
747 1708 821 1775 ipsos
832 1709 844 1758 I
862 1739 875 1751 -

88 1787 181 1825 trones
194 1773 385 1835 dissensione,
403 1775 514 1846 legatas
525 1795 558 1827 ac
569 1775 672 1828 tribuni
683 1773 790 1826 atrocia
800 1773 829 1826 in
843 1794 875 1826 se

41 1866 44 1873 ·
88 1839 179 1890 inuenti
190 1839 315 1908 exempla
326 1838 482 1894 ediderunt.
497 1843 646 1895 Locrenses
658 1854 697 1892 tot
706 1841 788 1892 malis
794 1837 875 1912 fessi

88 1905 198 1974 legatos
220 1909 329 1958 Romam
345 1908 381 1960 ad
395 1920 519 1975 senatprrt
532 1911 641 1961 mittunt
656 1949 663 1974 ‚
677 1906 728 1976 qui
738 1925 875 1965 aet'ttinnas

44 2011 46 2015 .
89 1989 154 2020 suns
165 1971 349 2038 deplorarent.
360 1974 463 2025 Fabius
472 1989 593 2027 atrocem
604 1974 767 2026 sententiam
776 1973 804 2025 in
814 1972 876 2024 Sei·

88 2036 198 2102 pionem
219 2039 307 2100 dimit,
331 2039 414 2106 quasi
429 2039 579 2090 militarem
593 2038 770 2103 disciplinam
788 2037 876 2090 nimid

90 2099 267 2171 indulgentia
287 2117 479 2171 corrmnperet.
490 2103 587 2170 Scipio
605 2121 650 2154 res
662 2144 668 2167 ,
685 2122 737 2154 non
747 2103 827 2154 verba
838 2104 876 2157 ad

88 2167 262 2236 purgandum
271 2187 331 2220 sese
346 2169 461 2237 paravit.
480 2171 506 2220 T
504 2189 549 2219 unt
563 2169 652 2237 legati
674 2169 776 2223 Locros
794 2169 875 2222 missi

92 2233 142 2304 qni
160 2253 216 2284 rem
233 2249 440 2303 cognoscerent.
468 2235 621 2287 Pleminius
642 2233 825 2286 eumdumius
847 2247 876 2287 et

91 2298 208 2371 triginta
217 2297 371 2352 hominihus
389 2303 530 2355 damnatus
544 2321 579 2355 ac
596 2303 708 2353 Romam
729 2300 830 2353 missus
845 2301 876 2354 t'n

91 2365 212 2419 vinculis
226 2366 351 2419 moritur.

93 2464 242 2592 Setino,
261 2521 391 2597 receptis
410 2519 534 2593 Locris,
564 2539 627 2600 quae
655 2518 725 2579 urbs
741 2517 876 2578 descive-

92 2617 136 2664 rat
161 2611 189 2655 et
217 2601 280 2678 ipsa
306 2601 342 2657 ad
369 2603 495 2672 Poenos,
513 2607 631 2659 vocatos
650 2600 684 2658 ad
703 2599 876 2661 concionem

92 2686 255 2746 Locrenses
271 2723 280 2750 ‚
294 2679 420 2758 graviter
434 2680 473 2738 ob
489 2680 686 2739 defectionem
703 2680 873 2754 incusavit,

92 2765 130 2826 de
162 2761 331 2820 auctoribus
347 2759 541 2838 ¹supplicium
565 2760 719 2839 sumpsit,
743 2759 875 2839 bonaque

91 2863 194 2907 eorum
207 2839 328 2900 alterius
348 2839 485 2900 fectionis
509 2840 770 2921 principibus,yoh
793 2861 876 2925 egre.

92 2930 170 3005 giem
188 2921 275 2982 fidem
296 2922 431 2982 adversus
455 2922 626 2994 Romanos,
651 2923 806 2980 concessit.
825 2925 875 2997 (t)

92 3002 208 3083 Publice
241 3027 289 3064 nec
320 3007 417 3077 dare,
442 3003 492 3063 dec
527 3006 632 3083 eripere
660 3024 690 3061 se
727 3004 875 3087 quicquam

130 3140 139 3172 t
164 3119 330 3186 (Publice...
347 3119 465 3170 Locren-
498 3122 586 3179 cives,
599 3134 709 3186 quorum
721 3115 875 3181 aliisuppli-

93 3189 187 3250 sibus)
211 3187 335 3237 Locrensi
358 3186 467 3250 populo.
502 3189 545 3237 cio
566 3186 674 3250 affecti,
698 3183 745 3234 alii
759 3181 877 3253 premiis,

94 3257 173 3325 Quod
185 3253 301 3319 intellige
309 3254 474 3315 dictumper-
506 3253 578 3307 aucti
591 3251 702 3312 fuerant,

93 3319 470 3404 spposinonemndsingutog

823 3449 835 3480 ι’,
842 3418 879 3484 vix
