2016 3780
15 9 975 49 W

187 164 452 253 Nannan1o
499 178 710 251 XXXlV.
780 201 845 257 201

63 275 177 369 equites
199 287 260 346 lere
278 296 398 366 propter
419 304 511 363 equos
528 295 631 342 nantes
650 285 770 343 navium
791 303 845 361 ag-

62 390 132 431 men
146 368 184 429 ad
200 365 410 446 excipientium
424 365 539 423 adversi
554 366 701 444 impetum
715 360 848 422 fluminis

84 462 145 509 arte
170 449 324 525 superiore
349 446 573 525 transmittens,
602 442 848 522 tranquillitatem

61 528 139 591 iniri
152 526 363 606 trajicientibus
374 525 510 587 lintribus
522 522 679 606 praebebat.
693 524 847 602 Equorum

62 620 133 690 pars
149 627 252 686 magna
272 617 375 665 nantes
390 605 463 667 loris
483 605 498 665 i
524 603 672 685 puppibus
688 602 848 662 traheban-

62 700 131 761 tur,
153 699 261 767 praeter
275 705 347 759 eoo,
372 704 446 765 quos
461 686 620 745 instructos
638 683 847 761 frenatosque,

61 779 95 828 ut
105 767 258 847 extemplo
270 784 390 845 egresso
399 768 431 824 in
442 767 536 848 ripam
547 765 643 844 equiti
654 764 721 826 usui
730 773 848 839 essent,

52 849 264 931 ,imposuerant
283 847 314 905 in
338 864 435 907 nares.

100 955 138 1018 V.
156 951 238 1013 Galli
254 962 408 1012 occursant
420 951 451 1009 in
469 949 496 1027 ri
519 969 565 1010 am
587 969 655 1010 cnm
677 950 767 1009 variis
783 948 849 1011 ulu-

61 1032 169 1095 latibus
190 1044 337 1113 cantuque
362 1033 454 1090 moris
470 971 545 1103 ὦ,
572 1028 738 1110 quatientes
765 1042 848 1092 scuta

61 1124 151 1195 super
174 1113 296 1193 capita,
313 1112 520 1190 vibrantesque
535 1110 649 1170 dextris
665 1109 722 1170 tela
738 1133 743 1170 :
759 1131 849 1189 quan-

60 1215 148 1275 quam
165 1213 200 1253 ex
221 1191 343 1253 adverso
356 1193 484 1253 terrebat
494 1203 576 1251 tanta
589 1192 631 1250 vis
646 1194 765 1251 navium
777 1196 848 1251 cuin

59 1272 175 1353 ingenti
190 1291 264 1332 sono
279 1271 430 1346 fluminis,
448 1282 479 1331 et
493 1271 622 1333 clamore
644 1273 725 1331 vario
744 1283 849 1331 nauta-

59 1375 126 1415 rum
151 1364 181 1412 et
205 1352 358 1426 rnilitum,
386 1354 438 1432 qui
460 1351 631 1413 nitebantur
653 1371 849 1433 perrumpere
871 1392 875 1400 ι

60 1435 208 1515 impetum
220 1430 372 1504 fluminis,
394 1443 424 1490 et
442 1432 494 1509 qui
516 1453 553 1490 ex
572 1432 662 1491 alteri
679 1433 745 1515 rip'a
763 1433 850 1511 traji-

60 1516 173 1576 cientes
196 1531 264 1571 suos
288 1511 492 1571 hortabantur.
522 1512 592 1574 Jam
613 1512 685 1571 satis
707 1526 850 1593 pavente·

59 1593 185 1656 adverso
211 1591 337 1651 tumultu
355 1636 363 1662 ‚
396 1589 557 1649 terribilior
575 1592 610 1650 ab
628 1601 712 1668 tergo
730 1593 849 1652 adortus

60 1676 196 1744 elamor,
220 1673 332 1731 'castris
358 1669 395 1730 ab
418 1671 559 1731 Hannone
586 1670 689 1748 captis.
721 1672 793 1731 Mox
817 1683 851 1731 et

59 1757 127 1837 ipse
147 1751 271 1827 aderat,
300 1765 467 1832 ancepsque
492 1762 587 1809 terror
609 1750 813 1812 circumstabat
837 1773 848 1813 z

59 1833 120 1916 (6)
145 1846 174 1893 et
187 1835 203 1892 ὁ
215 1834 336 1894 navibus
351 1843 432 1893 tanta
445 1833 489 1892 vis
502 1842 679 1892 armatorum
692 1833 723 1890 in
738 1843 851 1894 terram

59 1915 201 1988 evadens,
214 1925 242 1973 et
255 1915 295 1975 ab
309 1926 395 1991 tergo
405 1913 568 2007 improvisa
584 1913 735 1993 premebat
751 1917 846 1976 acies.
876 1918 881 1927 “

60 1995 164 2066 Galli,
184 1997 245 2076 (7)
263 2005 416 2076 postquam
433 2015 493 2057 vim
510 1993 607 2052 facere
625 1995 744 2064 conati,
765 1995 847 2055 ultrb

32 2109 35 2115 ·
54 2077 266 2165 pellebantur,
294 2076 352 2152 quai
375 2086 476 2154 patere
495 2075 590 2133 visum
610 2074 739 2132 maxime
761 2075 846 2147 iter,

60 2164 273 2235 perrumpunt,
295 2154 464 2231 trepidique
487 2155 518 2211 in
540 2152 620 2209 vicos
639 2155 750 2232 passim
776 2174 848 2215 suos

61 2231 231 2305 diffugiunt.
259 2233 386 2291 Annibal
415 2235 522 2291 ceteris
549 2231 646 2309 copiis
672 2251 727 2312 per
750 2235 848 2295 otium

61 2314 215 2393 trajectis,
249 2331 390 2393 spernens
423 2313 483 2392 jam
506 2308 655 2373 Gallicos
676 2313 848 2389 tumultus,

52 2407 154 2456 castra
172 2392 262 2453 locat.

67 2510 72 2515 “
99 2498 153 2562 Vl.
182 2498 413 2578 Elephantorum
430 2496 668 2576 trajiciendomm
682 2501 761 2559 varia
776 2519 845 2560 con·
897 2515 961 2566 lte.

60 2578 128 2640 eilia
145 2577 235 2638 luisse
252 2578 343 2639 eredo
361 2601 367 2639 ι
385 2580 466 2640 certe
482 2581 591 2640 variata
607 2581 752 2642 memoria
767 2578 975 2697 actae'glgqffh

91 2744 179 2810 6(12'c
194 2743 212 2795 ὲ
227 2742 341 2795 ηανῐόιιε
361 2755 437 2794 tanta
468 2744 612 2812 Postquam
627 2746 681 2796 vim
697 2745 783 2799 lacere
796 2709 962 2800 emmim.

60 2809 121 2877 sis)
137 2811 232 2876 Aptior
243 2809 369 2877 procedet
378 2827 436 2862 ora·
468 2813 523 2863 nati
533 2851 539 2875 ‚
550 2829 606 2864 non
617 2811 696 2865 merlo
710 2832 776 2867 vana
788 2834 845 2868 mo·

60 2878 114 2938 tio,
125 2879 147 2929 si
159 2878 230 2946 legas
238 2895 272 2928 ex
280 2876 435 2962 quibusdam
469 2876 599 2930 liebantur
612 2916 618 2942 ‚
638 2881 682 2931 sed
694 2884 775 2933 etiam
786 2886 846 2949 pel-

60 2946 165 3010 scriptis
194 2966 201 2995 r
229 2957 257 2995 et
283 2962 299 2996 e
320 2942 435 2995 travibus
469 2943 846 3015 labamurQuidamtitrritrau

61 3011 137 3062 tantd
162 3009 190 3062 vi
214 3023 380 3060 annosorum
405 3008 435 3061 in
467 3011 701 3086 bentrpostquam
709 3017 844 3085 utroque,

61 3090 161 3128 terram
182 3075 332 3136 evadente,
354 3089 381 3126 et
401 3075 435 3127 ab
467 3080 493 3131 id
510 3093 550 3132 ost
560 3116 567 3142 ,
580 3081 609 3130 in
626 3092 760 3149 utramque
781 3100 846 3147 par·¹

61 3141 303 3220 tergooimprovisri
310 3160 436 3211 preuren·
468 3161 530 3209 tem,
540 3161 596 3197 turn
606 3147 634 3198 in
643 3150 739 3214 eosqui
748 3147 762 3197 a
771 3147 845 3198 trun-

63 3221 176 3261 tracte.
469 3214 845 3280 te,tumineosqnlitsrgo
890 3261 893 3265 .

95 3271 437 3399 7(Postpuamvr'm[aeere
470 3279 667 3339 adoriebantur,
682 3278 737 3330 vim
743 3276 846 3345 fucere

66 3341 191 3407 canatha
205 3342 245 3396 tro
254 3341 328 3410 pelle
345 3345 436 3412 antur)
470 3344 563 3404 consu
575 3381 585 3414 ,
596 3342 778 3414 pellebantur.
840 3378 843 3383 -

661 3419 718 3487 lb
