2016 3780
120 167 186 233 230
266 156 273 163 ’
338 155 727 230 2T1T1L1vtt·

119 354 899 400 m

156 476 875 553 NARRATIOXXXVII.

267 651 395 751 Pugna
408 649 754 753 adtTrasimenum.
802 683 807 686 ·

132 830 901 862 .·.----------...

1 974 3 986 ¹
19 989 66 1041 ,α’
99 1018 105 1032 ⁸
152 960 277 1019 Annibal
293 951 442 1015 secundum
459 978 495 1029 pn
515 979 580 1013 nam
598 958 636 1014 ad
653 959 782 1014 Trebiam
791 970 800 1029 ,'
809 961 906 1032 copias

1 1047 42 1098 „Q
53 1056 81 1096 21
99 1029 150 1094 ,in
158 1027 281 1082 bibernis
291 1024 422 1079 babuerat
430 1044 482 1095 apu
514 1025 612 1079 Gallos
620 1063 627 1089 ,
635 1024 767 1096 adprime
776 1047 810 1081 ac
820 1026 906 1082 dubia

118 1095 204 1169 signa
226 1091 300 1147 veris
321 1092 351 1146 in
370 1092 515 1160 Etruriam
525 1092 616 1158 ducit,
629 1111 711 1161 quam
730 1091 906 1147 belli-sedem

118 1181 183 1217 etse
195 1159 310 1215 volebat.
320 1159 392 1211 Ciam
403 1157 534 1211 transiret
541 1159 716 1226 Apenninum
726 1194 733 1222 ,
743 1159 814 1214 adei>
823 1172 907 1214 atron

102 1280 106 1284 .
117 1247 180 1282 eum
190 1239 332 1294 tempestas
339 1224 436 1278 adorta
446 1237 495 1289 est,
507 1237 536 1276 ut
543 1223 660 1295 regredi
669 1239 780 1279 coactus
787 1225 906 1280 sitJnde

87 1291 92 1300 ’
117 1293 219 1349 castris
227 1294 265 1346 ad
276 1289 448 1346 Placentiam
457 1289 549 1352 motis,
559 1309 621 1345 cum
631 1289 792 1360 Sempronio
804 1290 911 1347 iterum.

117 1373 161 1413 est
177 1376 354 1429 congressus.
364 1358 516 1428 Postquam
527 1355 687 1427 ingentibus
700 1356 831 1428 utrinque
840 1357 904 1412 ani·

117 1426 170 1479 mis
185 1445 237 1487 ,ac
252 1423 329 1477 vario
349 1434 445 1476 eventu
467 1434 618 1503 pugnatum
639 1435 689 1485 ert,
702 1423 731 1475 in
742 1423 904 1492 Etruriam,

116 1493 170 1563 qui>
177 1491 236 1562 jam
243 1489 404 1561 pervenisse
415 1488 585 1543 Flaminium
595 1485 818 1558 coneulemfama
829 1503 889 1542 erut
898 1518 919 1557 ,a

116 1558 233 1612 moleetd
247 1598 254 1626 ,
270 1555 321 1610 secl
351 1554 476 1627 propiori
491 1573 542 1627 per
551 1553 681 1624 paludem
699 1554 746 1608 vid
756 1557 908 1611 contendit.

118 1625 190 1682 Qum
206 1645 257 1693 per
269 1621 448 1695 quatriduum
467 1633 494 1672 et
515 1632 611 1699 nqctes
628 1634 684 1673 tres
700 1620 754 1675 iter
756 1618 906 1699 fecisset,

115 1690 179 1744 sine
189 1691 251 1744 ulla⁴
259 1689 357 1759 requie
367 1729 375 1756 ,
387 1687 478 1740 onmia
490 1685 675 1742 monentibus
694 1707 776 1758 cquis
786 1728 794 1754 ,
810 1688 907 1742 multis
992 1706 996 1714 ·

116 1757 272 1809 bominibus
283 1775 317 1808 ac
332 1753 467 1824 jumentis
467 1745 556 1831 foerlrl
568 1750 682 1806 omissis
692 1792 701 1820 ,
717 1753 813 1820 etipse
825 1754 908 1808 oculo

116 1836 211 1890 captus
220 1839 285 1890 ,per
292 1819 434 1872 continuas
445 1817 564 1885 vigilias
570 1856 578 1883 ,
587 1831 747 1871 nocturnum
768 1837 803 1871 ue
812 1817 920 1873 lrurrro-·

119 1905 194 1948 rem,
210 1885 319 1939 tandem
331 1884 364 1936 de
375 1882 521 1951 paludibus
540 1883 670 1948 enzerrr't,
682 1837 842 1954 elepianto,
855 1904 905 1957 qut

119 1951 196 2005 solus
205 1948 386 2021 'superfuerat
399 1961 509 2003 vectus..
518 1947 577 2002 Ubi·
591 1949 709 2017 pritniam
724 1951 754 2003 in
771 1950 848 2005 sicco
856 1973 920 2022 po-·

119 2017 190 2084 tuit,
209 2033 301 2071 castra
317 2016 399 2068 locat.
411 2013 545 2069 Consulis
561 2013 663 2069 deinde
681 2015 801 2071 oninium
811 2017 907 2089 inqui·

119 2102 183 2138 rens
190 2087 268 2137 :cum
278 2082 374 2136 naturd
379 2077 509 2154 ferocem
516 2100 550 2133 ac
561 2082 739 2136 temerarium
750 2101 813 2137 esse
823 2083 906 2138 intel.

120 2149 241 2222 ligeret,
254 2150 307 2220 quo
325 2148 405 2202 illum
422 2147 515 2221 magis
529 2167 563 2201 ac
574 2147 667 2220 magis
683 2163 766 2203 acuat
772 2187 780 2214 ,
798 2149 907 2205 vicinos
969 2186 973 2189 -

119 2237 136 2269 a
159 2235 205 2268 ros
214 2215 288 2269 omni
298 2214 378 2270 clade
398 2213 467 2268 belli
477 2226 623 2280 pervastat.
640 2214 766 2283 Spretum
777 2235 808 2270 se
825 2230 904 2271 ratus

119 2232 275 2336 rlaninins
295 2318 301 2342 ,
319 2280 451 2348 ,omnibus
462 2279 663 2352 necquicquam
683 2282 859 2335 suadentibus
875 2295 908 2338 ul

119 2348 259 2418 collegam
277 2358 431 2412 exspectet,
448 2345 478 2398 in
488 2347 576 2398 aciem
588 2346 714 2411 procedit
725 2367 735 2405 ;
746 2347 776 2400 in
792 2344 906 2399 vallem-

119 2431 174 2485 que
191 2414 230 2466 ad
244 2411 365 2465 insidias
376 2423 467 2462 natam
486 2409 520 2461 ub
531 2408 669 2463 Annibale
686 2424 858 2480 pertractus,
870 2433 905 2466 ac

119 2479 319 2534 circumuentus
329 2495 390 2529 cum
406 2475 532 2527 exercitu
547 2474 716 2542 opprimitur.
731 2479 793 2546 lpse
800 2478 829 2532 in
840 2480 905 2532 acie

119 2557 163 2598 est
179 2561 285 2607 cresus,
315 2562 377 2598 cum
394 2539 554 2612 quindecim
570 2540 693 2606 millibus
710 2545 904 2600 Buritanorum.

120 2704 295 2816 Vtcrrs
318 2751 354 2812 ad
382 2751 522 2812 Trebiam
564 2752 729 2827 Romanis,
759 2753 905 2818 nonnulle

119 2829 231 2902 adhuc,
258 2830 311 2889 sed
341 2851 440 2910 parvae
466 2830 548 2892 fuere
573 2834 785 2912 expeditiones
814 2837 905 2894 Anni.

119 2909 205 2970 balio.
226 2909 305 2969 Haud
321 2910 418 2988 longis
435 2911 506 2970 inde
523 2913 724 2989 temporibus,
736 2913 804 2971 dum
823 2915 904 2974 into-

118 2989 256 3050 lerabilia
276 2989 387 3068 frigora
410 3002 517 3061 erant,
538 2992 623 3066 quiet
639 2991 728 3051 militi
746 2991 811 3052 deta
830 3007 874 3052 est
893 3014 900 3054 :

68 3085 71 3091 ’
98 3093 102 3099 ·
119 3081 150 3130 et
168 3069 202 3151 ed
217 3071 312 3151 prima
335 3089 368 3130 ac
385 3068 473 3129 dubia
487 3069 570 3147 signe
593 3072 672 3130 veris
694 3072 843 3154 profectus
864 3092 902 3133 ex

118 3151 273 3222 hibernie,
288 3153 318 3209 in
338 3151 487 3211 Etruriam
503 3148 611 3223 ducit,
626 3171 690 3210 eam
703 3173 818 3232 quoque
830 3170 903 3230 gen-

65 3277 71 3280 .
119 3242 207 3305 tem,
229 3233 305 3292 sicut
326 3229 432 3292 Gallos
452 3230 659 3315 Liguresque,
683 3233 840 3300 nutriant
854 3250 902 3295 vo·

118 3311 233 3375 lunteto
257 3311 458 3396 adjuncturus.
