2062 3786
18 1379 116 1430 Damna.

18 1456 34 1487 rs
59 1459 113 1489 exn-

18 1512 69 1548 'ttrm
88 1503 113 1551 itt

18 1557 104 1627 folscos

18 1619 66 1672 tiit.

134 176 179 260 il
363 180 491 257 Ttrr
538 168 689 265 Lrvrr

131 275 249 338 inimici
259 277 368 344 factum
381 286 504 349 videbat.
517 291 719 377 contemptim
729 299 828 382 primo
839 303 919 367 Mar·

133 358 198 418 cius
220 359 360 424 audiebat
376 371 468 428 minas
490 371 657 436 tribunitiae
676 401 683 439 :
709 383 841 458 auxilii,
864 408 918 445 nort

129 457 214 518 poettoe
226 443 378 520 faedatam
394 447 441 507 illi
453 459 588 530 potestati
600 481 611 516 .·
621 457 782 543 plebisque,
794 487 847 523 nott
862 467 919 524 Pa·
999 475 1005 483 “

131 528 205 576 trum
224 521 349 582 tribunes
367 549 436 588 esse.
453 531 507 590 Sed
521 533 593 595 adeb
610 537 724 600 infensa
740 556 802 601 erat
818 555 918 605 coorta

128 592 242 736 βεδε,
265 613 297 660 ut
316 607 383 680 (to)
401 609 487 670 unius
502 617 588 692 paena
601 616 816 698 defungendum
839 635 917 683 esset

155 677 278 740 atribus.
303 679 487 750 Restiterunt
509 704 605 756 tamen
635 702 701 774 (tt)
726 699 843 761 adversi
870 704 918 760 in-

128 754 234 828 vidia,
261 763 365 841 usique
395 781 483 844 sunt,
515 775 571 851 qul
598 776 659 836 auis
690 780 835 857 quisque,
859 782 917 860 qui

128 836 221 896 totius
234 839 350 903 ordinis
362 849 484 910 viribus.
497 855 540 911 Ac
551 857 650 932 prime
662 868 770 918 tentata
787 880 833 919 res
848 873 914 934 est,
927 889 929 894 ·

126 914 153 975 si
177 916 329 995 dispositis
348 927 508 989 clientibus
530 934 717 996 absterrendo
742 940 873 1018 singulos
897 941 916 1002 a

127 996 323 1076 coitionibus,
338 1008 549 1088 conciliisque,
561 1011 700 1093 disjicere
715 1039 776 1077 rern
786 1033 916 1100 possent.

154 1078 261 1139 nitersi
279 1083 391 1144 deinde
407 1091 575 1167 processere
591 1098 605 1170 (
621 1096 763 1176 quidquid
780 1115 841 1159 erat
864 1103 916 1161 Pa·

126 1161 224 1230 trum,
242 1181 309 1222 reos
332 1166 445 1228 diceres
468 1171 482 1244 )
508 1174 644 1248 precibus
665 1178 783 1258 plebem
804 1179 916 1260 expos·

125 1247 245 1297 centes:
265 1262 354 1302 unum
382 1248 440 1306 sibi
469 1248 585 1326 civem,
611 1275 701 1317 utrum
727 1272 915 1334 senatorem,

126 1313 150 1372 si
176 1315 363 1381 innocentem
385 1326 538 1388 absolvere
558 1334 693 1408 nollent,
714 1360 768 1417 pro
789 1341 914 1400 nocente

126 1391 279 1457 donarent.
310 1401 378 1481 lpse
409 1406 477 1467 crim
506 1408 556 1470 die
584 1412 660 1489 tlicttl
692 1437 750 1478 non
775 1420 910 1495 adesset,

126 1490 342 1616 qerseveratum
366 1487 398 1542 in
427 1487 470 1547 'rra
490 1501 544 1553 est.
571 1495 734 1557 Damnatus
761 1502 866 1560 absens
881 1502 913 1561 in

155 1555 251 1617 olscos
285 1565 439 1627 exulatum
471 1569 570 1646 abiit,
605 1577 745 1641 minitans
783 1585 913 1661 patrita,

123 1633 306 1719 hostilesque
326 1647 385 1724 jam
404 1657 465 1709 turn
481 1653 606 1729 spiritns
618 1677 734 1737 gerens.
1003 1724 1008 1729 .

163 1717 201 1779 V.
240 1720 417 1787 Venientem
452 1728 554 1792 Volsci
585 1734 711 1814 benigne
737 1739 910 1821 excepere:

121 1793 341 1881 benigniuaqu,
364 1806 396 1865 in
414 1804 496 1868 diem
517 1810 678 1918 colebantfi
689 1819 749 1918 qqrb
762 1821 909 1919 matesis..

121 1875 156 1936 in
167 1892 261 1951 'suos
275 1882 447 1933 amasne,
471 1886 638 1936 „sm-,ue
680 1878 699 1919 u
722 1880 738 1921 c
759 1879 911 1938 qnereae,

50 1959 97 1970 ......
113 1946 200 2007 wint:
223 1955 310 1997 tnrnae
332 1936 587 2017 percipiebantur.
609 1938 750 2032 Hospitio
773 1938 918 1999 utebatur

60 2929 64 2937 =
117 2893 219 2958 Romae
235 2893 416 2975 parabantur.
432 2892 476 2953 Ad
489 2913 540 2955 eos
556 2886 660 2969 ladod,
686 2905 805 2956 auctore
821 2897 906 2955 Attio
1002 2899 1010 2907 '

118 2017 198 2081 Attii
224 2014 319 2077 Tulli.
352 2016 457 2094 Longe
483 2016 510 2077 is
545 2027 609 2077 tuns
640 2023 784 2159 ptrncrqrs‘
799 2018 909 2113 ,Volsci

120 2097 251 2159 nominis
264 2106 345 2171 erat,
367 2094 567 2179 Romanisque
579 2117 696 2178 semper
712 2102 741 2160 in
756 2111 852 2174 ertum
865 2111 909 2160 tta

119 2178 189 2240 edm
210 2178 335 2237 alterurn
358 2189 439 2238 vetus
456 2177 585 2253 odium,
608 2179 789 2243 alterumjira
804 2186 910 2242 recens

121 2259 304 2333 stimularet,
320 2259 446 2322 consilia
458 2259 612 2320 conterunt
623 2262 659 2322 de
671 2262 804 2325 Romano
819 2261 909 2354 btfl⁰5

120 2339 204 2402 Haud
232 2340 321 2401 facile
349 2341 506 2403 credebant
536 2343 655 2420 plebem
684 2363 766 2402 snam
790 2341 908 2418 impelli

119 2441 228 2503 posse,
249 2431 282 2478 ut
301 2422 390 2478 toties
412 2418 575 2479 infeliciter
592 2431 700 2477 tentata
724 2437 804 2477 arma
820 2436 910 2494 cape·

119 2512 196 2562 rent.
221 2499 329 2565 Multis
355 2497 428 2575 sapi
457 2495 560 2562 bellis,
579 2497 743 2574 pestilentid
766 2499 906 2575 postremi

119 2580 225 2642 amissa
254 2582 397 2656 juventute
419 2583 532 2648 tractos
565 2577 682 2651 spiritus
711 2597 771 2636 esse
801 2600 812 2636 .·
842 2591 907 2638 arte

119 2664 258 2738 agendam
279 2661 307 2715 in
332 2654 448 2716 exoleto
462 2657 522 2736 jam
544 2664 683 2712 vetustata
701 2661 783 2732 odio,
806 2672 838 2719 ut
865 2680 906 2720 re·
960 2677 966 2683 ·

119 2743 193 2798 canti
210 2736 306 2816 aliqud
329 2736 372 2796 r'rci
390 2732 629 2795 exacerbarentur
646 2737 742 2795 animi.
895 2816 902 2831 .

160 2819 212 2880 Vl.
235 2815 313 2874 Ludi
344 2813 444 2886 forte,
475 2832 512 2872 ex
537 2813 775 2886 instauratione,
806 2836 906 2892 magni

154 3012 204 3076 ιο(
210 3010 299 3062 Unius
307 3009 389 3078 poerrd
396 2980 496 3080 defuri-
528 3023 569 3062 tur
584 3011 704 3074 invidia,
719 3012 840 3077 quamvis
851 3011 906 3096 lqe.

118 3077 256 3151 gendum)
269 3077 334 3129 Uno
346 3076 377 3126 ad
389 3093 495 3142 paenam
530 3076 907 3130 tandumillisessetadversue

119 3142 215 3198 tradito
225 3157 296 3196 totus
304 3143 494 3210 ordoperlculo
529 3144 619 3196 odium
631 3143 769 3223 publicum
776 3181 783 3208 ,
797 3161 849 3225 quq
859 3143 905 3196 lla.

118 3210 443 3265 iuiminentieximendus.
527 3211 617 3280 grabat
657 3225 758 3278 utsquts
783 3211 906 3267 Cattela-

141 3297 180 3335 ,ιι
197 3279 208 3345 (
223 3277 349 3331 artaverat
360 3276 492 3346 invidia)
526 3296 592 3337 num
602 3227 751 3336 dependere.

117 3342 252 3423 Quereris
266 3344 323 3408 illis
346 3345 494 3415 sasernae,
