2016 3780
175 223 461 293 Nnnnnrro
508 213 703 287 mvn.
799 220 866 288 233

84 328 116 387 in
140 327 266 404 Ligures
290 321 451 397 Annibali,
471 342 526 404 per
556 319 678 380 insidias
708 316 868 398 intercepti

83 408 144 466 duo
160 417 317 484 questores
337 403 482 475 Romani,
506 401 541 465 C.
568 398 689 464 Fulvius
704 408 734 456 et
749 396 784 457 L.
806 397 870 457 Lu·

84 485 215 559 cretius,
231 505 299 546 cum
311 483 422 557 duobus
437 480 563 543 tribunis
574 480 704 541 militum
717 521 725 549 ,
738 488 768 535 et
782 476 869 559 quin·

84 585 143 645 que
154 567 296 645 equestris
309 564 421 624 ordinis
437 573 623 635 ‚senatorum
639 558 732 619 terme
745 556 867 629 liberis,

84 647 145 722 qud
166 647 260 724 magis
281 657 373 705 rstsm
393 643 459 705 lore
473 662 542 704 cum
557 642 606 703 his
624 658 728 722 pacem
742 637 867 699 societa-

18 794 22 799 .
83 733 200 802 temque
223 723 359 806 crederet
371 768 381 796 ,
404 722 566 784 traduntur.
863 776 867 785 .

122 803 203 868 Vlll'.
224 805 331 866 Romae
344 813 484 864 autemst
502 803 583 866 circi
604 799 706 860 urbem
722 792 864 856 multaed

80 883 178 944 hieme
191 885 326 965 prodigia
349 883 446 944 facta:
462 895 531 958 aut,
548 879 656 961 (quod
678 877 797 937 evenire
814 894 865 935 ro·

79 963 121 1023 let
135 966 226 1025 motis
253 963 345 1026 semel
364 966 396 1022 in
421 963 600 1043 religionem
617 959 752 1033 animis)
772 954 865 1016 mults

81 1046 217 1104 nunciata
238 1056 267 1102 et
290 1045 403 1103 temerd
431 1046 544 1105 credita
576 1053 655 1102 sunt.
686 1038 865 1109 procurata,

80 1134 204 1201 votaque
225 1143 262 1182 ex
277 1123 363 1183 libris
375 1122 535 1205 ‚Sibyllinis
550 1141 656 1200 magna
671 1139 711 1178 ex
722 1126 805 1198 parte
819 1112 865 1174 le·

80 1212 218 1263 voverant
233 1201 360 1262 animum
376 1204 531 1282 religione.
549 1202 711 1266 Consulum
727 1194 865 1273 designa-

82 1292 179 1340 torum
207 1281 281 1340 alter
315 1278 478 1344 Flaminius
503 1282 631 1344 Arimini
660 1279 864 1357 magistratum

81 1359 153 1418 iniit
165 1384 174 1432 3
184 1358 430 1436 legionibusinde
449 1358 559 1423 duabus
569 1361 585 1420 A
597 1356 772 1439 Sempronio
780 1357 863 1435 prio-

81 1440 124 1498 ris
139 1439 208 1498 anni
231 1438 352 1500 consule
364 1481 374 1511 ‚
388 1437 499 1500 duabus
523 1441 589 1519 AC«
600 1440 713 1514 Ablilio
733 1450 866 1517 proetore

82 1517 214 1600 ecceptis
235 1519 285 1590 ,in
300 1520 465 1589 Etruriam,
481 1521 542 1595 jam
554 1518 613 1598 'per
636 1518 781 1600 Apennini
804 1528 864 1577 tra·

79 1600 169 1658 mites
184 1600 333 1658 exercitus
348 1596 417 1655 duci
429 1608 474 1657 est
487 1608 609 1679 coptus.
625 1596 774 1657 Periclem
789 1607 865 1654 tern-

77 1697 134 1771 pus
151 1676 293 1739 Servilius
312 1677 414 1738 Romae
429 1676 528 1739 idibus
556 1676 673 1737 Mertiis
689 1676 864 1753 magistratu

77 1760 156 1819 mito
175 1800 185 1831 ‚
207 1757 275 1817 crim
304 1757 341 1818 de
362 1755 518 1839 republica
538 1755 714 1830 retulisset,
730 1752 862 1814 redinte-

97 1848 158 1900 rata
174 1838 206 1897 in
218 1837 399 1900 Flaminium
417 1837 528 1899 invidia
549 1832 604 1899 est.
623 1837 706 1900 Duos
718 1858 749 1896 ss
762 1854 861 1898 consu-

76 1857 118 1980 les
133 1940 263 1993 creasse,
278 1941 363 1981 unum
393 1917 502 1980 dolere.
534 1919 615 1999 Quod
638 1920 712 1979 enirn
735 1915 782 1976 illi
799 1920 861 1998 jusi

77 2008 136 2056 turn
171 2002 317 2079 imperium
344 2003 447 2080 ‚quod
467 2000 623 2080 auspicium
653 2011 728 2060 essct
752 2001 861 2078 tnagis-

78 2080 193 2135 tratusl

89 2145 92 2150 ’
117 2152 172 2215 ΙΧ.
194 2149 298 2226 Galli,
328 2172 403 2234 quos
429 2153 553 2237 padre,
575 2151 861 2235 populationumque

76 2233 247 2294 conciverat
266 2251 334 2316 spes
345 2276 354 2306 ‚
367 2245 522 2314 postquem
542 2252 600 2315 pro
616 2251 652 2293 eo
666 2244 732 2308 ‚ut
745 2233 806 2314 ipsi
821 2253 864 2297 et

76 2313 177 2373 alieno
197 2330 271 2390 agro
291 2326 428 2394 raperent
457 2325 661 2395 agerentque,
679 2331 746 2374 suas
767 2313 866 2376 terras¹

74 2394 177 2455 sedem
206 2391 278 2452 belli
301 2412 395 2467 esso,
420 2395 574 2475 premique
596 2393 860 2474 utriusquepartis

75 2474 262 2535 exercituum
275 2473 412 2535 viderunt
429 2473 586 2546 hibernis,
604 2485 754 2534 verterunt
777 2475 859 2536 retro

74 2535 109 2612 sd
130 2551 305 2613 Annibalem
336 2554 374 2614 ab
402 2553 543 2615 Romanis
575 2553 642 2614 odia
663 2555 859 2635 :petitusque

72 2633 153 2712 saepd
176 2633 345 2714 principum
364 2634 497 2708 insidiis,
513 2635 705 2715 ipsorumque
726 2635 805 2695 inter
824 2657 858 2698 se

71 2711 199 2786 fraude,
225 2711 327 2772 eadem
359 2708 508 2785 levitate,
534 2713 591 2792 qud
619 2724 855 2801 consenserant,
894 2726 897 2733 '

71 2812 246 2854 consensum
257 2792 477 2866 indicantium,
494 2804 624 2854 servatus
645 2807 727 2870 erat,
745 2808 774 2856 et
789 2819 856 2859 nsu-

71 2874 164 2951 tando
179 2891 268 2934 'nunc
291 2884 422 2945 vestem,
444 2893 520 2935 nunc
539 2884 706 2954 tegumenta
732 2877 864 2956 rapitis„

71 2973 171 3012 errore
187 2953 278 3014 etiam
293 2971 359 3014 sese
377 2952 414 3013 sb
441 2953 555 3016 insidiis
577 2959 732 3017 munierat.
764 2956 855 3017 Cete-

72 3033 137 3091 rlrm
160 3032 210 3092 hic
231 3053 347 3113 quoque
371 3035 400 3093 ei
418 3035 506 3095 timor
528 3055 614 3097 causa
632 3036 689 3096 luit
706 3035 855 3095 maturius

71 3111 208 3174 movendi
229 3134 267 3173 ex
287 3113 430 3175 hibernis.
464 3174 471 3186 ,

111 3193 152 3254 Χ.
170 3193 240 3257 dam
260 3193 437 3256 Flaminium
453 3193 605 3257 consulem
618 3193 769 3252 Arretium
786 3209 858 3270 per«

73 3273 188 3333 venisse
209 3272 284 3333 lema
299 3287 378 3350 erat,
391 3276 460 3336 crim
473 3274 553 3334 aliud
568 3273 706 3350 longius,
720 3269 853 3332 ceterum

72 3349 283 3429 commodius,
328 3354 537 3418 ostenderetur
566 3353 652 3428 iter,
673 3351 866 3435 propiorem,
893 3360 896 3365 '
919 3390 960 3512 1

743 3474 744 3477 ,
897 3454 922 3479 M
