2016 3780
157 131 218 202 iob
336 171 337 175 =
407 124 732 198 'l'1u1L1v11

151 231 267 296 dilatari
290 240 384 292 castra
402 249 477 312 opus
498 250 562 292 esse
580 275 590 304 ‚
611 232 648 292 ne
671 231 765 293 hostis
783 230 945 296 adrentum

150 315 274 378 ulterius
289 311 418 374 consulis
434 313 565 373 sentiret.

192 394 308 459 XVlll.
325 393 450 454 Silentio
462 392 608 470 ingressi,
620 392 656 452 ab
665 391 711 453 sui
722 393 845 473 quisque
858 394 945 463 ordi.

152 477 198 553 nis
213 475 387 536 horninibus
401 475 432 532 in
450 470 703 533 tentoria'abducti
716 519 725 547 ,
738 493 805 561 pum
823 476 956 536 summb'

153 558 285 616 omniurn
305 552 414 613 laetitib
431 553 620 635 hospitaliter
643 555 843 634 excipiuntur.
869 557 947 618 Pos-

153 647 217 697 tero
233 637 281 695 die
303 633 461 696 consilium
481 635 631 706 habitum,
655 637 704 695 cui
721 635 797 697 etL.
819 637 947 698 Porcius

150 717 275 781 Licinus
291 728 405 797 praetor
425 715 519 776 alluit.
540 716 646 778 Castra
662 717 759 796 juncta
783 718 947 779 consulum

97 828 100 833 ·
152 798 255 859 castris
271 796 399 857 habebat
415 817 421 856 :
437 808 466 856 et
482 797 548 856 ente
570 795 724 858 adventurn
746 815 871 870 eorum,
888 818 949 880 per

150 877 216 939 loca
232 877 290 939 alta
313 876 446 938 ducendo
467 876 631 937 exercitum
650 878 743 949 ,crim
758 878 949 938 modo-insi·

150 958 233 1019 deret
250 969 386 1036 angustor
409 956 519 1028 saltus,
546 967 578 1016 ut
597 958 751 1017 transitum
770 957 947 1035 clauderet,

149 1038 242 1103 modb
264 1041 300 1098 ab
323 1038 416 1098 latere
431 1050 480 1099 aut
491 1038 526 1097 ab
545 1045 630 1116 tergo
653 1049 786 1120 carperet
811 1060 944 1116 agmen,

150 1118 317 1183 ludificatus
337 1119 450 1180 hostem
466 1118 603 1178 omnibus
614 1121 725 1180 artibus
739 1118 810 1179 belli
829 1121 944 1181 luerat.

151 1200 180 1263 Is
193 1212 255 1260 tum
266 1203 296 1259 in
309 1199 434 1260 consilio
446 1199 560 1260 aderat.

70 1284 137 1336 Nero
191 1281 277 1344 XIX.
302 1281 467 1341 Multorum
482 1284 518 1341 eb
535 1281 680 1340 inclinant
693 1279 868 1352 sententie,
884 1290 944 1356 ut,

20 1360 99 1418 ‘⁰¹⁵5‘
152 1362 222 1423 dum
248 1361 358 1422 fessum
377 1361 424 1421 vid
445 1381 479 1421 ec
504 1359 617 1439 vigiliis
650 1360 784 1422 reficeret
808 1361 943 1421 militem

18 1417 104 1516 :iffi
151 1445 249 1516 Nero,
263 1441 353 1502 simul
373 1453 404 1501 et
427 1441 462 1502 ad
488 1440 669 1502 noscendum
693 1442 807 1502 hostem
828 1461 947 1522 paucos

19 1530 74 1596 dnn
97 1528 124 1577 in
151 1525 211 1585 sibi
228 1534 358 1584 sumeret
373 1522 461 1596 dies,
485 1532 603 1602 ternpus
649 1543 730 1602 ugnae
758 1522 941 1584 differretur.

22 1602 107 1638 acum,
150 1607 232 1668 Nero
244 1625 303 1664 non
328 1603 450 1664 suadere
464 1604 569 1676 morib,
584 1622 598 1663 s
652 1605 766 1664 summai
779 1625 837 1685 ope
852 1624 944 1665 orare

149 1686 280 1759 institit,
300 1685 332 1746 nb
349 1686 493 1745 consilium
505 1707 582 1745 suurn
597 1728 605 1756 ‚
618 1690 690 1765 quod
700 1698 789 1746 tntum
806 1685 941 1745 celeritas

143 1772 278 1838 fecisset,
288 1768 465 1824 temerarium
472 1769 605 1824 morundo
612 1769 752 1835 facerent.
765 1766 945 1843 (3)Errore,

149 1850 197 1927 qui
213 1869 266 1904 non
281 1851 430 1904 diuturnus
448 1848 563 1913 futuras
577 1857 651 1903 esset
668 1889 677 1917 ‚
692 1847 768 1906 velut
780 1859 937 1925 torpentem

149 1925 315 1988 Annibalem
330 1967 339 1996 ‚
354 1945 404 1984 ner
419 1937 513 1983 castra
534 1946 584 1984 sun
605 1929 665 1985 sine
686 1931 753 1987 duce
771 1928 873 1987 relicta
888 1948 938 2006 ag·

149 2010 251 2085 gredi,
274 2027 324 2065 nec
338 2009 376 2066 ad
385 2010 552 2085 sequendam
562 2027 592 2065 se
602 2009 657 2065 iter
668 2010 829 2081 intendisse.
849 2010 941 2068 Ante·

148 2110 232 2168 quarn
257 2110 288 2146 se
313 2099 443 2157 moveat,
469 2087 558 2146 deleri
583 2093 738 2148 exercitum
767 2088 944 2158 Asdrubalis

147 2188 250 2248 posse,
268 2171 412 2248 redireque
424 2171 451 2226 r'n
460 2168 602 2249 Apuliam.
625 2169 680 2248 Qui
688 2169 860 2249 prolatando
875 2191 942 2252 spa·

133 2281 136 2284 ·
149 2253 220 2309 tiam
231 2248 306 2308 hosti
315 2254 362 2308 det
373 2270 452 2320 ‚eum
463 2260 493 2307 et
509 2251 555 2320 (b)
573 2247 626 2306 illa
644 2261 737 2308 caetra
752 2253 871 2328 prodere
883 2253 946 2312 An·

148 2329 238 2387 nibali
255 2373 263 2395 ‚
282 2345 311 2387 et
327 2332 436 2406 aperire
455 2333 483 2386 in
498 2327 627 2387 Galliam
639 2332 708 2401 iter,
722 2342 753 2388 ut
762 2351 813 2408 per
824 2332 915 2392 otium
932 2376 946 2406 ‚

149 2409 196 2468 ubi
214 2408 283 2467 uelit
297 2452 306 2479 ‚
318 2406 469 2466 Asdrubulr'
491 2411 683 2487 conjungatur.
707 2411 865 2488 Extemplb
877 2418 943 2496 sig.

149 2511 213 2548 nurn
228 2492 364 2561 dandam,
376 2499 404 2545 et
421 2492 579 2546 excandens
591 2491 619 2548 in
636 2493 740 2549 aciem:
758 2491 805 2566 (b)
815 2495 944 2554 abuten-

144 2703 147 2711 s
183 2649 197 2698 3
219 2647 229 2711 (
250 2649 356 2698 Errare
374 2683 382 2710 ,
401 2645 452 2714 qui
471 2665 524 2699 non
559 2647 697 2716 ejusmodi,
707 2663 796 2721 quaeet
806 2650 904 2704 Rornae
914 2669 943 2708 et

149 2710 416 2782 diuturnus-suturas
428 2717 522 2780 esset)
558 2716 614 2770 toti
632 2719 709 2770 tratre
722 2717 879 2786 percelebris
895 2724 943 2776 fo.

149 2779 222 2831 Saule¹
238 2778 332 2828 mirum
347 2792 403 2840 est,
417 2778 470 2830 hoc
485 2798 525 2831 er·
558 2799 606 2836 ret.
618 2787 710 2855 Neque
725 2784 784 2837 verb
802 2787 944 2850 suspicari

149 2863 206 2896 rore
218 2846 379 2896 Annibalem
398 2849 524 2916 eousque
559 2855 617 2921 quir
638 2855 747 2922 possita
768 2850 943 2912 eculatorum

150 2913 285 2978 delusum,
295 2913 459 2966 donecNero
470 2917 525 2968 vic·
559 2938 648 2985 usum,
662 2937 727 2990 quos
762 2916 839 2968 allice
849 2938 942 2978 voca-

150 2993 178 3030 to
189 2981 335 3032 Asdrubale
345 2982 375 3032 in
386 2996 469 3035 castre
483 3000 540 3035 re-·
557 3004 615 3037 mus
633 2987 741 3053 erpions
758 3024 765 3049 ,
782 3002 890 3051 prorsus
910 2997 941 3049 ei

150 3048 235 3111 dierit.
256 3046 384 3102 'Profectb
414 3066 523 3103 necesse
556 3055 675 3122 ignotum
690 3051 778 3103 fuisse.

150 3127 203 3174 est,
221 3129 250 3167 ut
272 3115 324 3167 dux
337 3116 532 3170 callidissimus
589 3121 605 3185 b
627 3119 701 3184 (IIIa
712 3125 824 3189 eastra)
839 3125 939 3184 Castra

147 3195 238 3234 tamen
257 3201 348 3253 parum
363 3200 465 3238 curaret
477 3205 523 3238 ex·
556 3204 613 3256 quse
624 3188 654 3238 in
665 3187 762 3254 Apulis
772 3190 837 3258 sint,
851 3197 937 3250 relic-

168 3251 249 3304 lorata
256 3253 307 3303 sibi
314 3270 378 3315 esse,
387 3269 445 3320 quae
452 3255 521 3320 apud
555 3268 582 3308 ta
596 3255 610 3308 'a
627 3257 741 3309 Nerone.

147 3269 236 3369 liostes
268 3332 428 3387 agerentur,
462 3321 539 3397 crim'
588 3321 864 3392 5(Abutendamque
886 3349 937 3383 er.

58 3420 98 3559 ι.
147 3384 248 3440 tamdiu
279 3388 440 3462 ignoraverit
465 3405 522 3439 rem
554 3391 640 3456 rore)
655 3390 769 3448 Verbum
788 3392 866 3453 abuti
887 3415 937 3454 au.
