<?xml version="1.0" encoding="UTF-8"?>
<!DOCTYPE html PUBLIC "-//W3C//DTD XHTML 1.0 Transitional//EN"
    "http://www.w3.org/TR/xhtml1/DTD/xhtml1-transitional.dtd">
<html xmlns="http://www.w3.org/1999/xhtml" xml:lang="en" lang="en">
 <head>
  <title>
</title>
<meta http-equiv="Content-Type" content="text/html;charset=utf-8" />
  <meta name='ocr-system' content='tesseract 3.04.00' />
  <meta name='ocr-capabilities' content='ocr_page ocr_carea ocr_par ocr_line ocrx_word'/>
</head>
<body>
  <div class='ocr_page' id='page_1' title='image "./selectaetitoliv00livygoog_0342.png"; bbox 0 0 2016 3780; ppageno 0'>
   <div class='ocr_carea' id='block_1_1' title="bbox 189 143 833 233">
    <p class='ocr_par' dir='ltr' id='par_1_1' title="bbox 189 143 833 233">
     <span class='ocr_line' id='line_1_1' title="bbox 189 143 833 233; baseline -0.005 -19"><span class='ocrx_word' id='word_1_1' title='bbox 189 146 462 214; x_wconf 73' lang='lat' dir='ltr'><strong>Nunnncro</strong></span> <span class='ocrx_word' id='word_1_2' title='bbox 512 143 668 214; x_wconf 86' lang='lat' dir='ltr'>XLIV.</span> <span class='ocrx_word' id='word_1_3' title='bbox 770 167 833 233; x_wconf 85' lang='lat'><strong>109</strong></span> 
     </span>
    </p>
   </div>
   <div class='ocr_carea' id='block_1_2' title="bbox 34 248 969 2984">
    <p class='ocr_par' dir='ltr' id='par_1_2' title="bbox 53 248 895 650">
     <span class='ocr_line' id='line_1_2' title="bbox 54 248 837 332; baseline -0.014 -17"><span class='ocrx_word' id='word_1_4' title='bbox 54 257 273 332; x_wconf 74' lang='lat' dir='ltr'><strong>dumqueerrore</strong></span> <span class='ocrx_word' id='word_1_5' title='bbox 282 248 579 320; x_wconf 82' lang='lat' dir='ltr'><strong>bostiumobsentium,</strong></span> <span class='ocrx_word' id='word_1_6' title='bbox 591 249 837 328; x_wconf 74' lang='lat' dir='ltr'><strong>presentiumque5</strong></span> 
     </span>
     <span class='ocr_line' id='line_1_3' title="bbox 54 328 836 411; baseline -0.012 -18"><span class='ocrx_word' id='word_1_7' title='bbox 54 340 121 393; x_wconf 85' lang='lat' dir='ltr'><strong>dum</strong></span> <span class='ocrx_word' id='word_1_8' title='bbox 136 353 223 411; x_wconf 77' lang='lat' dir='ltr'><strong>neque</strong></span> <span class='ocrx_word' id='word_1_9' title='bbox 234 329 278 388; x_wconf 80' lang='lat' dir='ltr'><strong>itti</strong></span> <span class='ocrx_word' id='word_1_10' title='bbox 292 335 450 388; x_wconf 85' lang='lat' dir='ltr'><strong>sciuntcurn</strong></span> <span class='ocrx_word' id='word_1_11' title='bbox 462 329 658 407; x_wconf 75' lang='lat' dir='ltr'><strong>paucioribus,</strong></span> <span class='ocrx_word' id='word_1_12' title='bbox 674 351 722 387; x_wconf 81' lang='lat' dir='ltr'><strong>nec</strong></span> <span class='ocrx_word' id='word_1_13' title='bbox 738 328 765 384; x_wconf 83' lang='lat' dir='ltr'><strong>tn&#39;</strong></span> <span class='ocrx_word' id='word_1_14' title='bbox 774 348 836 384; x_wconf 86' lang='lat' dir='ltr'><strong>curn</strong></span> 
     </span>
     <span class='ocr_line' id='line_1_4' title="bbox 53 407 835 493; baseline -0.01 -23"><span class='ocrx_word' id='word_1_15' title='bbox 53 415 180 493; x_wconf 78' lang='lat' dir='ltr'><strong>pluribus</strong></span> <span class='ocrx_word' id='word_1_16' title='bbox 194 422 222 469; x_wconf 85' lang='lat' dir='ltr'><strong>et</strong></span> <span class='ocrx_word' id='word_1_17' title='bbox 235 410 416 468; x_wconf 79' lang='lat' dir='ltr'><strong>ualidioribus</strong></span> <span class='ocrx_word' id='word_1_18' title='bbox 429 431 485 467; x_wconf 85' lang='lat' dir='ltr'><strong>rem</strong></span> <span class='ocrx_word' id='word_1_19' title='bbox 501 431 570 468; x_wconf 85' lang='lat' dir='ltr'><strong>esse.</strong></span> <span class='ocrx_word' id='word_1_20' title='bbox 587 407 835 470; x_wconf 82' lang='lat' dir='ltr'><strong>Consiliodimis·</strong></span> 
     </span>
     <span class='ocr_line' id='line_1_5' title="bbox 55 488 835 570; baseline -0.01 -20"><span class='ocrx_word' id='word_1_21' title='bbox 55 511 109 564; x_wconf 84' lang='lat' dir='ltr'><strong>se,</strong></span> <span class='ocrx_word' id='word_1_22' title='bbox 133 493 250 568; x_wconf 82' lang='lat' dir='ltr'><strong>signum</strong></span> <span class='ocrx_word' id='word_1_23' title='bbox 280 509 384 570; x_wconf 83' lang='lat' dir='ltr'><strong>pugnae</strong></span> <span class='ocrx_word' id='word_1_24' title='bbox 409 491 606 570; x_wconf 86' lang='lat' dir='ltr'><strong>proponitur,</strong></span> <span class='ocrx_word' id='word_1_25' title='bbox 622 488 835 564; x_wconf 82' lang='lat' dir='ltr'><strong>confestimque</strong></span> 
     </span>
     <span class='ocr_line' id='line_1_6' title="bbox 55 571 895 650; baseline -0.013 -18"><span class='ocrx_word' id='word_1_26' title='bbox 55 573 86 632; x_wconf 89' lang='lat' dir='ltr'><strong>iu</strong></span> <span class='ocrx_word' id='word_1_27' title='bbox 98 573 192 630; x_wconf 85' lang='lat' dir='ltr'><strong>aciem</strong></span> <span class='ocrx_word' id='word_1_28' title='bbox 205 571 378 650; x_wconf 86' lang='lat' dir='ltr'><strong>procedunt.</strong></span> <span class='ocrx_word' id='word_1_29' title='bbox 890 627 895 632; x_wconf 57' lang='grc'><strong>,</strong></span> 
     </span>
    </p>

    <p class='ocr_par' dir='ltr' id='par_1_3' title="bbox 54 646 969 1527">
     <span class='ocr_line' id='line_1_7' title="bbox 96 646 969 722; baseline -0.014 -13"><span class='ocrx_word' id='word_1_30' title='bbox 96 652 167 713; x_wconf 89' lang='grc' dir='ltr'><strong>ΧΧ.</strong></span> <span class='ocrx_word' id='word_1_31' title='bbox 181 653 249 715; x_wconf 78' lang='lat' dir='ltr'><strong>Jam</strong></span> <span class='ocrx_word' id='word_1_32' title='bbox 263 651 360 711; x_wconf 81' lang='lat' dir='ltr'><strong>hostes</strong></span> <span class='ocrx_word' id='word_1_33' title='bbox 371 649 437 708; x_wconf 71' lang='lat' dir='ltr'><strong>ante</strong></span> <span class='ocrx_word' id='word_1_34' title='bbox 451 660 545 709; x_wconf 88' lang='lat' dir='ltr'><strong>castra</strong></span> <span class='ocrx_word' id='word_1_35' title='bbox 560 649 695 708; x_wconf 77' lang='lat' dir='ltr'><strong>instructi</strong></span> <span class='ocrx_word' id='word_1_36' title='bbox 710 646 832 707; x_wconf 86' lang='lat' dir='ltr'><strong>stabant.</strong></span> <span class='ocrx_word' id='word_1_37' title='bbox 874 650 969 722; x_wconf 60' lang='lat' dir='ltr'><strong>asdru-</strong></span> 
     </span>
     <span class='ocr_line' id='line_1_8' title="bbox 56 715 968 820; baseline -0.008 -29"><span class='ocrx_word' id='word_1_38' title='bbox 56 733 173 794; x_wconf 84' lang='lat' dir='ltr'><strong>Moram</strong></span> <span class='ocrx_word' id='word_1_39' title='bbox 189 722 294 811; x_wconf 78' lang='lat' dir='ltr'><strong>pu&#39;gnae</strong></span> <span class='ocrx_word' id='word_1_40' title='bbox 315 730 434 802; x_wconf 83' lang='lat' dir='ltr'><strong>attulit,</strong></span> <span class='ocrx_word' id='word_1_41' title='bbox 452 731 531 807; x_wconf 85' lang='lat' dir='ltr'><strong>quod</strong></span> <span class='ocrx_word' id='word_1_42' title='bbox 554 729 696 790; x_wconf 83' lang='lat' dir='ltr'>Asdrubal</span> <span class='ocrx_word' id='word_1_43' title='bbox 717 745 836 809; x_wconf 86' lang='lat' dir='ltr'><strong>provee·</strong></span> <span class='ocrx_word' id='word_1_44' title='bbox 848 715 968 820; x_wconf 39' lang='lat' dir='ltr'><strong>bilia&amp;</strong></span> 
     </span>
     <span class='ocr_line' id='line_1_9' title="bbox 55 791 894 891; baseline -0.002 -17"><span class='ocrx_word' id='word_1_45' title='bbox 55 825 101 874; x_wconf 85' lang='lat' dir='ltr'><strong>tus</strong></span> <span class='ocrx_word' id='word_1_46' title='bbox 114 812 182 872; x_wconf 70' lang='lat' dir='ltr'><strong>ante*</strong></span> <span class='ocrx_word' id='word_1_47' title='bbox 201 813 285 890; x_wconf 85' lang='lat' dir='ltr'><strong>signa</strong></span> <span class='ocrx_word' id='word_1_48' title='bbox 300 810 367 870; x_wconf 87' lang='lat' dir='ltr'><strong>crim</strong></span> <span class='ocrx_word' id='word_1_49' title='bbox 383 814 484 890; x_wconf 85' lang='lat' dir='ltr'><strong>paucis</strong></span> <span class='ocrx_word' id='word_1_50' title='bbox 500 813 674 891; x_wconf 73' lang='lat' dir='ltr'><strong>equitibus,</strong></span> <span class='ocrx_word' id='word_1_51' title='bbox 689 820 773 869; x_wconf 86' lang='lat' dir='ltr'><strong>scuta</strong></span> <span class='ocrx_word' id='word_1_52' title='bbox 787 827 836 872; x_wconf 82' lang='lat' dir='ltr'><strong>ve·</strong></span> <span class='ocrx_word' id='word_1_53' title='bbox 847 791 894 883; x_wconf 62' lang='lat' dir='ltr'><strong>lta,</strong></span> 
     </span>
     <span class='ocr_line' id='line_1_10' title="bbox 54 891 838 970; baseline -0.001 -17"><span class='ocrx_word' id='word_1_54' title='bbox 54 905 115 954; x_wconf 84' lang='lat' dir='ltr'><strong>tera</strong></span> <span class='ocrx_word' id='word_1_55' title='bbox 129 893 258 952; x_wconf 86' lang='lat' dir='ltr'><strong>hostium</strong></span> <span class='ocrx_word' id='word_1_56' title='bbox 277 893 406 964; x_wconf 82' lang='lat' dir='ltr'><strong>notavit,</strong></span> <span class='ocrx_word' id='word_1_57' title='bbox 424 910 486 970; x_wconf 76' lang='lat' dir='ltr'><strong>qua</strong></span> <span class='ocrx_word' id='word_1_58' title='bbox 504 899 570 953; x_wconf 73' lang='lat' dir='ltr'><strong>ante</strong></span> <span class='ocrx_word' id='word_1_59' title='bbox 593 911 650 953; x_wconf 91' lang='lat' dir='ltr'><strong>non</strong></span> <span class='ocrx_word' id='word_1_60' title='bbox 666 891 773 950; x_wconf 87' lang='lat' dir='ltr'><strong>viderat</strong></span> <span class='ocrx_word' id='word_1_61' title='bbox 787 931 795 960; x_wconf 89' lang='lat'><strong>,</strong></span> <span class='ocrx_word' id='word_1_62' title='bbox 808 896 838 952; x_wconf 82' lang='lat' dir='ltr'><strong>et</strong></span> 
     </span>
     <span class='ocr_line' id='line_1_11' title="bbox 55 972 890 1054; baseline -0.001 -20"><span class='ocrx_word' id='word_1_63' title='bbox 55 975 244 1050; x_wconf 66' lang='lat' dir='ltr'><strong>strigosiores</strong></span> <span class='ocrx_word' id='word_1_64' title='bbox 279 991 380 1050; x_wconf 89' lang='lat' dir='ltr'><strong>equos.</strong></span> <span class='ocrx_word' id='word_1_65' title='bbox 410 972 572 1033; x_wconf 83' lang='lat' dir='ltr'><strong>Multitudo</strong></span> <span class='ocrx_word' id='word_1_66' title='bbox 601 994 716 1054; x_wconf 88' lang='lat' dir='ltr'><strong>quoque</strong></span> <span class='ocrx_word' id='word_1_67' title='bbox 747 976 844 1052; x_wconf 77' lang='lat' dir='ltr'><strong>major</strong></span> <span class='ocrx_word' id='word_1_68' title='bbox 880 1022 890 1050; x_wconf 60' lang='lat' dir='ltr'>a</span> 
     </span>
     <span class='ocr_line' id='line_1_12' title="bbox 57 1051 840 1133; baseline 0 -20"><span class='ocrx_word' id='word_1_69' title='bbox 57 1055 143 1113; x_wconf 74' lang='lat' dir='ltr'><strong>soliti</strong></span> <span class='ocrx_word' id='word_1_70' title='bbox 165 1054 228 1112; x_wconf 80' lang='lat' dir='ltr'><strong>visa</strong></span> <span class='ocrx_word' id='word_1_71' title='bbox 244 1065 299 1111; x_wconf 83' lang='lat' dir='ltr'><strong>est.</strong></span> <span class='ocrx_word' id='word_1_72' title='bbox 316 1053 488 1132; x_wconf 82' lang='lat' dir='ltr'><strong>Suspicatus</strong></span> <span class='ocrx_word' id='word_1_73' title='bbox 509 1058 589 1114; x_wconf 92' lang='lat' dir='ltr'><strong>enim</strong></span> <span class='ocrx_word' id='word_1_74' title='bbox 604 1055 633 1113; x_wconf 94' lang='lat' dir='ltr'><strong>id</strong></span> <span class='ocrx_word' id='word_1_75' title='bbox 658 1051 735 1133; x_wconf 91' lang='lat' dir='ltr'><strong>quod</strong></span> <span class='ocrx_word' id='word_1_76' title='bbox 755 1067 840 1126; x_wconf 84' lang='lat' dir='ltr'><strong>erat,</strong></span> 
     </span>
     <span class='ocr_line' id='line_1_13' title="bbox 57 1131 840 1214; baseline 0.003 -22"><span class='ocrx_word' id='word_1_77' title='bbox 57 1134 191 1213; x_wconf 85' lang='lat' dir='ltr'><strong>receptui</strong></span> <span class='ocrx_word' id='word_1_78' title='bbox 209 1137 337 1212; x_wconf 77' lang='lat' dir='ltr'><strong>propere</strong></span> <span class='ocrx_word' id='word_1_79' title='bbox 357 1131 484 1206; x_wconf 84' lang='lat' dir='ltr'><strong>cecinit,</strong></span> <span class='ocrx_word' id='word_1_80' title='bbox 502 1153 536 1193; x_wconf 84' lang='lat' dir='ltr'><strong>nc</strong></span> <span class='ocrx_word' id='word_1_81' title='bbox 563 1137 645 1194; x_wconf 88' lang='lat' dir='ltr'><strong>misit</strong></span> <span class='ocrx_word' id='word_1_82' title='bbox 670 1132 840 1214; x_wconf 78' lang='lat' dir='ltr'><strong>explorato·</strong></span> 
     </span>
     <span class='ocr_line' id='line_1_14' title="bbox 57 1212 842 1286; baseline 0.003 -14"><span class='ocrx_word' id='word_1_83' title='bbox 57 1233 115 1272; x_wconf 88' lang='lat' dir='ltr'><strong>res.</strong></span> <span class='ocrx_word' id='word_1_84' title='bbox 129 1214 206 1273; x_wconf 83' lang='lat' dir='ltr'><strong>Cdm</strong></span> <span class='ocrx_word' id='word_1_85' title='bbox 221 1215 323 1273; x_wconf 86' lang='lat' dir='ltr'><strong>ordine</strong></span> <span class='ocrx_word' id='word_1_86' title='bbox 340 1212 439 1271; x_wconf 84' lang='lat' dir='ltr'><strong>omnia</strong></span> <span class='ocrx_word' id='word_1_87' title='bbox 455 1215 544 1274; x_wconf 83' lang='lat' dir='ltr'><strong>relata</strong></span> <span class='ocrx_word' id='word_1_88' title='bbox 556 1227 673 1286; x_wconf 86' lang='lat' dir='ltr'><strong>essent,</strong></span> <span class='ocrx_word' id='word_1_89' title='bbox 689 1226 781 1276; x_wconf 86' lang='lat' dir='ltr'><strong>castra</strong></span> <span class='ocrx_word' id='word_1_90' title='bbox 794 1216 842 1274; x_wconf 90' lang='lat' dir='ltr'><strong>ni·</strong></span> 
     </span>
     <span class='ocr_line' id='line_1_15' title="bbox 58 1294 841 1356; baseline 0 -2"><span class='ocrx_word' id='word_1_91' title='bbox 58 1294 104 1355; x_wconf 88' lang='lat' dir='ltr'><strong>bil</strong></span> <span class='ocrx_word' id='word_1_92' title='bbox 124 1304 208 1352; x_wconf 85' lang='lat' dir='ltr'><strong>aucta</strong></span> <span class='ocrx_word' id='word_1_93' title='bbox 227 1313 357 1354; x_wconf 89' lang='lat' dir='ltr'><strong>errorem</strong></span> <span class='ocrx_word' id='word_1_94' title='bbox 385 1294 538 1353; x_wconf 83' lang='lat' dir='ltr'><strong>faciebant.</strong></span> <span class='ocrx_word' id='word_1_95' title='bbox 557 1297 632 1356; x_wconf 85' lang='lat' dir='ltr'><strong>Bina</strong></span> <span class='ocrx_word' id='word_1_96' title='bbox 659 1306 741 1353; x_wconf 87' lang='lat' dir='ltr'><strong>erant</strong></span> <span class='ocrx_word' id='word_1_97' title='bbox 763 1299 841 1356; x_wconf 88' lang='lat' dir='ltr'><strong>sicut</strong></span> 
     </span>
     <span class='ocr_line' id='line_1_16' title="bbox 59 1373 842 1437; baseline 0.004 -3"><span class='ocrx_word' id='word_1_98' title='bbox 59 1377 124 1434; x_wconf 83' lang='lat' dir='ltr'><strong>ante&#39;</strong></span> <span class='ocrx_word' id='word_1_99' title='bbox 146 1373 301 1434; x_wconf 86' lang='lat' dir='ltr'><strong>adrentum</strong></span> <span class='ocrx_word' id='word_1_100' title='bbox 325 1373 456 1434; x_wconf 89' lang='lat' dir='ltr'><strong>consulis</strong></span> <span class='ocrx_word' id='word_1_101' title='bbox 489 1375 610 1437; x_wconf 90' lang='lat' dir='ltr'><strong>alterius</strong></span> <span class='ocrx_word' id='word_1_102' title='bbox 633 1375 746 1436; x_wconf 83' lang='lat' dir='ltr'><strong>luerent</strong></span> <span class='ocrx_word' id='word_1_103' title='bbox 765 1395 842 1437; x_wconf 86' lang='lat' dir='ltr'><strong>:una</strong></span> 
     </span>
     <span class='ocr_line' id='line_1_17' title="bbox 58 1454 797 1527; baseline -0.005 -13"><span class='ocrx_word' id='word_1_104' title='bbox 58 1456 99 1514; x_wconf 91' lang='lat' dir='ltr'><strong>M.</strong></span> <span class='ocrx_word' id='word_1_105' title='bbox 116 1455 217 1527; x_wconf 84' lang='lat' dir='ltr'><strong>Livii,</strong></span> <span class='ocrx_word' id='word_1_106' title='bbox 232 1456 326 1515; x_wconf 84' lang='lat' dir='ltr'><strong>altera</strong></span> <span class='ocrx_word' id='word_1_107' title='bbox 340 1455 376 1514; x_wconf 82' lang='lat' dir='ltr'><strong>L.</strong></span> <span class='ocrx_word' id='word_1_108' title='bbox 391 1454 498 1514; x_wconf 90' lang='lat' dir='ltr'><strong>Porcii.</strong></span> <span class='ocrx_word' id='word_1_109' title='bbox 793 1471 797 1479; x_wconf 87' lang='grc'><em>’</em></span> 
     </span>
    </p>

    <p class='ocr_par' dir='ltr' id='par_1_4' title="bbox 59 1533 852 2480">
     <span class='ocr_line' id='line_1_18' title="bbox 99 1533 843 1615; baseline -0.001 -19"><span class='ocrx_word' id='word_1_110' title='bbox 99 1534 184 1596; x_wconf 83' lang='grc' dir='ltr'>ΧΧΙ.</span> <span class='ocrx_word' id='word_1_111' title='bbox 214 1533 288 1594; x_wconf 90' lang='lat' dir='ltr'><strong>Illud</strong></span> <span class='ocrx_word' id='word_1_112' title='bbox 300 1547 429 1594; x_wconf 85' lang='lat' dir='ltr'><strong>veterem</strong></span> <span class='ocrx_word' id='word_1_113' title='bbox 443 1535 551 1593; x_wconf 87' lang='lat' dir='ltr'><strong>ducem</strong></span> <span class='ocrx_word' id='word_1_114' title='bbox 564 1547 769 1615; x_wconf 75' lang='lat' dir='ltr'><strong>assuetumque</strong></span> <span class='ocrx_word' id='word_1_115' title='bbox 781 1536 843 1597; x_wconf 86' lang='lat' dir='ltr'><strong>Ro-</strong></span> 
     </span>
     <span class='ocr_line' id='line_1_19' title="bbox 59 1614 843 1697; baseline 0 -21"><span class='ocrx_word' id='word_1_116' title='bbox 59 1635 147 1676; x_wconf 84' lang='lat' dir='ltr'><strong>mano</strong></span> <span class='ocrx_word' id='word_1_117' title='bbox 160 1616 238 1676; x_wconf 87' lang='lat' dir='ltr'><strong>hosti</strong></span> <span class='ocrx_word' id='word_1_118' title='bbox 252 1617 363 1686; x_wconf 90' lang='lat' dir='ltr'><strong>movit,</strong></span> <span class='ocrx_word' id='word_1_119' title='bbox 379 1614 456 1694; x_wconf 81' lang='lat' dir='ltr'><strong>quod</strong></span> <span class='ocrx_word' id='word_1_120' title='bbox 476 1615 567 1674; x_wconf 81' lang='lat' dir='ltr'><strong>semel</strong></span> <span class='ocrx_word' id='word_1_121' title='bbox 580 1619 608 1674; x_wconf 91' lang='lat' dir='ltr'><strong>in</strong></span> <span class='ocrx_word' id='word_1_122' title='bbox 622 1619 764 1697; x_wconf 78' lang='lat' dir='ltr'><strong>pretoriis</strong></span> <span class='ocrx_word' id='word_1_123' title='bbox 779 1634 843 1676; x_wconf 85' lang='lat' dir='ltr'><strong>cas-</strong></span> 
     </span>
     <span class='ocr_line' id='line_1_20' title="bbox 63 1694 845 1775; baseline -0.001 -20"><span class='ocrx_word' id='word_1_124' title='bbox 63 1699 116 1756; x_wconf 85' lang='lat' dir='ltr'><strong>tris</strong></span> <span class='ocrx_word' id='word_1_125' title='bbox 128 1698 266 1775; x_wconf 87' lang='lat' dir='ltr'><strong>signum,</strong></span> <span class='ocrx_word' id='word_1_126' title='bbox 284 1697 328 1757; x_wconf 83' lang='lat' dir='ltr'><strong>bis</strong></span> <span class='ocrx_word' id='word_1_127' title='bbox 351 1698 382 1754; x_wconf 88' lang='lat' dir='ltr'><strong>in</strong></span> <span class='ocrx_word' id='word_1_128' title='bbox 396 1695 599 1756; x_wconf 83' lang='lat' dir='ltr'><strong>consularibus</strong></span> <span class='ocrx_word' id='word_1_129' title='bbox 612 1694 777 1756; x_wconf 76' lang='lat' dir='ltr'><strong>referebant</strong></span> <span class='ocrx_word' id='word_1_130' title='bbox 794 1716 845 1755; x_wconf 87' lang='lat' dir='ltr'><strong>ce-</strong></span> 
     </span>
     <span class='ocr_line' id='line_1_21' title="bbox 62 1777 846 1858; baseline 0 -22"><span class='ocrx_word' id='word_1_131' title='bbox 62 1780 194 1837; x_wconf 85' lang='lat' dir='ltr'><strong>ciuisse:</strong></span> <span class='ocrx_word' id='word_1_132' title='bbox 210 1778 293 1838; x_wconf 85' lang='lat' dir='ltr'><strong>Duos</strong></span> <span class='ocrx_word' id='word_1_133' title='bbox 308 1780 431 1858; x_wconf 77' lang='lat' dir='ltr'><strong>profecti</strong></span> <span class='ocrx_word' id='word_1_134' title='bbox 457 1777 582 1838; x_wconf 86' lang='lat' dir='ltr'><strong>consules</strong></span> <span class='ocrx_word' id='word_1_135' title='bbox 610 1801 678 1840; x_wconf 85' lang='lat' dir='ltr'><strong>esse.</strong></span> <span class='ocrx_word' id='word_1_136' title='bbox 703 1777 760 1849; x_wconf 87' lang='lat' dir='ltr'><strong>Et,</strong></span> <span class='ocrx_word' id='word_1_137' title='bbox 775 1797 846 1855; x_wconf 89' lang='lat' dir='ltr'><strong>quo·</strong></span> 
     </span>
     <span class='ocr_line' id='line_1_22' title="bbox 60 1859 845 1931; baseline 0.001 -15"><span class='ocrx_word' id='word_1_138' title='bbox 60 1878 126 1918; x_wconf 87' lang='lat' dir='ltr'><strong>nam</strong></span> <span class='ocrx_word' id='word_1_139' title='bbox 139 1859 227 1918; x_wconf 89' lang='lat' dir='ltr'><strong>modo</strong></span> <span class='ocrx_word' id='word_1_140' title='bbox 244 1859 318 1917; x_wconf 86' lang='lat' dir='ltr'><strong>alter</strong></span> <span class='ocrx_word' id='word_1_141' title='bbox 338 1859 374 1918; x_wconf 88' lang='lat' dir='ltr'><strong>ab</strong></span> <span class='ocrx_word' id='word_1_142' title='bbox 391 1859 536 1919; x_wconf 77' lang='lat' dir='ltr'><strong>Annibale</strong></span> <span class='ocrx_word' id='word_1_143' title='bbox 552 1859 756 1931; x_wconf 81' lang='lat' dir='ltr'><strong>abscessisset,</strong></span> <span class='ocrx_word' id='word_1_144' title='bbox 775 1876 845 1917; x_wconf 86' lang='lat' dir='ltr'><strong>cura</strong></span> 
     </span>
     <span class='ocr_line' id='line_1_23' title="bbox 61 1939 846 2020; baseline -0.001 -23"><span class='ocrx_word' id='word_1_145' title='bbox 61 1941 194 2016; x_wconf 85' lang='lat' dir='ltr'><strong>angebat.</strong></span> <span class='ocrx_word' id='word_1_146' title='bbox 211 1939 333 1998; x_wconf 75' lang='lat' dir='ltr'><strong>Minime</strong></span> <span class='ocrx_word' id='word_1_147' title='bbox 345 1939 458 2017; x_wconf 91' lang='lat' dir='ltr'><strong>idquod</strong></span> <span class='ocrx_word' id='word_1_148' title='bbox 471 1951 533 1998; x_wconf 78' lang='lat' dir='ltr'><strong>crat</strong></span> <span class='ocrx_word' id='word_1_149' title='bbox 546 1942 691 2018; x_wconf 81' lang='lat' dir='ltr'><strong>suspicari</strong></span> <span class='ocrx_word' id='word_1_150' title='bbox 704 1951 821 2020; x_wconf 87' lang='lat' dir='ltr'><strong>poterat</strong></span> <span class='ocrx_word' id='word_1_151' title='bbox 834 1981 846 2009; x_wconf 93' lang='lat'><strong>,</strong></span> 
     </span>
     <span class='ocr_line' id='line_1_24' title="bbox 62 2019 845 2089; baseline 0.004 -15"><span class='ocrx_word' id='word_1_152' title='bbox 62 2029 148 2077; x_wconf 86' lang='lat' dir='ltr'><strong>tantae</strong></span> <span class='ocrx_word' id='word_1_153' title='bbox 171 2021 215 2076; x_wconf 87' lang='lat' dir='ltr'><strong>rei</strong></span> <span class='ocrx_word' id='word_1_154' title='bbox 235 2019 425 2079; x_wconf 76' lang='lat' dir='ltr'><strong>frustratione</strong></span> <span class='ocrx_word' id='word_1_155' title='bbox 441 2021 617 2077; x_wconf 75' lang='lat' dir='ltr'><strong>Annibalem</strong></span> <span class='ocrx_word' id='word_1_156' title='bbox 639 2019 754 2078; x_wconf 86' lang='lat' dir='ltr'><strong>elusum</strong></span> <span class='ocrx_word' id='word_1_157' title='bbox 773 2030 845 2089; x_wconf 85' lang='lat' dir='ltr'><strong>:ut,</strong></span> 
     </span>
     <span class='ocr_line' id='line_1_25' title="bbox 62 2097 846 2178; baseline 0.003 -23"><span class='ocrx_word' id='word_1_158' title='bbox 62 2097 113 2155; x_wconf 88' lang='lat' dir='ltr'><strong>ubi</strong></span> <span class='ocrx_word' id='word_1_159' title='bbox 132 2097 272 2170; x_wconf 85' lang='lat' dir='ltr'><strong>dux,ubi</strong></span> <span class='ocrx_word' id='word_1_160' title='bbox 295 2101 444 2158; x_wconf 82' lang='lat' dir='ltr'><strong>exercitus</strong></span> <span class='ocrx_word' id='word_1_161' title='bbox 470 2110 561 2168; x_wconf 89' lang='lat' dir='ltr'><strong>esset,</strong></span> <span class='ocrx_word' id='word_1_162' title='bbox 586 2117 653 2158; x_wconf 91' lang='lat' dir='ltr'><strong>cum</strong></span> <span class='ocrx_word' id='word_1_163' title='bbox 673 2118 730 2178; x_wconf 91' lang='lat' dir='ltr'><strong>quo</strong></span> <span class='ocrx_word' id='word_1_164' title='bbox 750 2109 846 2157; x_wconf 80' lang='lat' dir='ltr'><strong>castra</strong></span> 
     </span>
     <span class='ocr_line' id='line_1_26' title="bbox 63 2175 846 2255; baseline 0.001 -18"><span class='ocrx_word' id='word_1_165' title='bbox 63 2175 169 2237; x_wconf 86' lang='lat' dir='ltr'><strong>collata</strong></span> <span class='ocrx_word' id='word_1_166' title='bbox 188 2176 346 2251; x_wconf 86' lang='lat' dir='ltr'><strong>habuerit,</strong></span> <span class='ocrx_word' id='word_1_167' title='bbox 363 2181 520 2255; x_wconf 84' lang='lat' dir='ltr'><strong>ignoraret.</strong></span> <span class='ocrx_word' id='word_1_168' title='bbox 538 2179 668 2249; x_wconf 76' lang='lat' dir='ltr'><strong>Profecti</strong></span> <span class='ocrx_word' id='word_1_169' title='bbox 694 2178 768 2238; x_wconf 78' lang='lat' dir='ltr'><strong>laud</strong></span> <span class='ocrx_word' id='word_1_170' title='bbox 790 2201 846 2238; x_wconf 84' lang='lat' dir='ltr'><strong>me·</strong></span> 
     </span>
     <span class='ocr_line' id='line_1_27' title="bbox 62 2255 852 2335; baseline -0.001 -17"><span class='ocrx_word' id='word_1_171' title='bbox 62 2259 149 2318; x_wconf 80' lang='lat' dir='ltr'><strong>diecti</strong></span> <span class='ocrx_word' id='word_1_172' title='bbox 162 2255 242 2317; x_wconf 83' lang='lat' dir='ltr'><strong>clade</strong></span> <span class='ocrx_word' id='word_1_173' title='bbox 255 2258 434 2319; x_wconf 76' lang='lat' dir='ltr'><strong>absterritum</strong></span> <span class='ocrx_word' id='word_1_174' title='bbox 452 2263 510 2318; x_wconf 82' lang='lat' dir='ltr'><strong>inse</strong></span> <span class='ocrx_word' id='word_1_175' title='bbox 530 2261 558 2317; x_wconf 85' lang='lat' dir='ltr'><strong>ui</strong></span> <span class='ocrx_word' id='word_1_176' title='bbox 568 2282 620 2318; x_wconf 86' lang='lat' dir='ltr'><strong>non</strong></span> <span class='ocrx_word' id='word_1_177' title='bbox 635 2281 742 2320; x_wconf 83' lang='lat' dir='ltr'><strong>ausum.</strong></span> <span class='ocrx_word' id='word_1_178' title='bbox 761 2260 852 2335; x_wconf 81' lang='lat' dir='ltr'><strong>Mug-</strong></span> 
     </span>
     <span class='ocr_line' id='line_1_28' title="bbox 63 2280 846 2421; baseline 0.001 -23"><span class='ocrx_word' id='word_1_179' title='bbox 63 2335 163 2419; x_wconf 70' lang='lat' dir='ltr'><strong>nuperi</strong></span> <span class='ocrx_word' id='word_1_180' title='bbox 177 2343 282 2413; x_wconf 81' lang='lat' dir='ltr'><strong>vereri,</strong></span> <span class='ocrx_word' id='word_1_181' title='bbox 299 2362 332 2399; x_wconf 84' lang='lat' dir='ltr'><strong>ne</strong></span> <span class='ocrx_word' id='word_1_182' title='bbox 343 2342 462 2420; x_wconf 85' lang='lat' dir='ltr'><strong>perditis</strong></span> <span class='ocrx_word' id='word_1_183' title='bbox 484 2280 565 2399; x_wconf 69' lang='lat' dir='ltr'><strong>rebus</strong></span> <span class='ocrx_word' id='word_1_184' title='bbox 576 2362 667 2402; x_wconf 88' lang='lat' dir='ltr'><strong>serum</strong></span> <span class='ocrx_word' id='word_1_185' title='bbox 687 2344 745 2421; x_wconf 86' lang='lat' dir='ltr'><strong>ipse</strong></span> <span class='ocrx_word' id='word_1_186' title='bbox 760 2343 846 2399; x_wconf 84' lang='lat' dir='ltr'><strong>euxi-</strong></span> 
     </span>
     <span class='ocr_line' id='line_1_29' title="bbox 63 2420 284 2480; baseline -0.005 -1"><span class='ocrx_word' id='word_1_187' title='bbox 63 2420 133 2480; x_wconf 81' lang='lat' dir='ltr'><strong>Iium</strong></span> <span class='ocrx_word' id='word_1_188' title='bbox 155 2424 284 2478; x_wconf 75' lang='lat' dir='ltr'><strong>venisset.</strong></span> 
     </span>
    </p>

    <p class='ocr_par' dir='ltr' id='par_1_5' title="bbox 60 2498 849 2823">
     <span class='ocr_line' id='line_1_30' title="bbox 103 2498 848 2578; baseline -0.003 -18"><span class='ocrx_word' id='word_1_189' title='bbox 103 2498 204 2560; x_wconf 88' lang='lat' dir='ltr'><strong>XXII.</strong></span> <span class='ocrx_word' id='word_1_190' title='bbox 221 2500 276 2558; x_wconf 85' lang='lat' dir='ltr'><strong>His</strong></span> <span class='ocrx_word' id='word_1_191' title='bbox 291 2499 395 2560; x_wconf 87' lang='lat' dir='ltr'><strong>anxius</strong></span> <span class='ocrx_word' id='word_1_192' title='bbox 417 2500 513 2573; x_wconf 88' lang='lat' dir='ltr'><strong>curis,</strong></span> <span class='ocrx_word' id='word_1_193' title='bbox 527 2501 682 2562; x_wconf 81' lang='lat' dir='ltr'><strong>exstinctis</strong></span> <span class='ocrx_word' id='word_1_194' title='bbox 703 2499 848 2578; x_wconf 76' lang='lat' dir='ltr'><strong>ignibus,</strong></span> 
     </span>
     <span class='ocr_line' id='line_1_31' title="bbox 60 2577 848 2660; baseline 0.003 -22"><span class='ocrx_word' id='word_1_195' title='bbox 60 2577 171 2656; x_wconf 69' lang='lat' dir='ltr'><strong>&#39;vigilia</strong></span> <span class='ocrx_word' id='word_1_196' title='bbox 195 2579 291 2660; x_wconf 69' lang='lat' dir='ltr'><strong>primi</strong></span> <span class='ocrx_word' id='word_1_197' title='bbox 313 2579 380 2638; x_wconf 88' lang='lat' dir='ltr'><strong>dato</strong></span> <span class='ocrx_word' id='word_1_198' title='bbox 399 2581 504 2658; x_wconf 82' lang='lat' dir='ltr'><strong>signo,</strong></span> <span class='ocrx_word' id='word_1_199' title='bbox 520 2593 552 2640; x_wconf 89' lang='lat' dir='ltr'><strong>ut</strong></span> <span class='ocrx_word' id='word_1_200' title='bbox 573 2583 735 2642; x_wconf 84' lang='lat' dir='ltr'><strong>tacitivasa</strong></span> <span class='ocrx_word' id='word_1_201' title='bbox 760 2582 848 2642; x_wconf 90' lang='lat' dir='ltr'><strong>colli·</strong></span> 
     </span>
     <span class='ocr_line' id='line_1_32' title="bbox 63 2659 847 2743; baseline 0.004 -25"><span class='ocrx_word' id='word_1_202' title='bbox 63 2671 187 2740; x_wconf 84' lang='lat' dir='ltr'><strong>gerent,</strong></span> <span class='ocrx_word' id='word_1_203' title='bbox 213 2661 297 2738; x_wconf 86' lang='lat' dir='ltr'><strong>signa</strong></span> <span class='ocrx_word' id='word_1_204' title='bbox 318 2659 389 2719; x_wconf 85' lang='lat' dir='ltr'><strong>ferri</strong></span> <span class='ocrx_word' id='word_1_205' title='bbox 417 2663 509 2739; x_wconf 77' lang='lat' dir='ltr'><strong>jussit.</strong></span> <span class='ocrx_word' id='word_1_206' title='bbox 543 2662 574 2721; x_wconf 90' lang='lat' dir='ltr'><strong>In</strong></span> <span class='ocrx_word' id='word_1_207' title='bbox 596 2663 792 2743; x_wconf 83' lang='lat' dir='ltr'><strong>trepidatione</strong></span> <span class='ocrx_word' id='word_1_208' title='bbox 815 2672 847 2722; x_wconf 82' lang='lat' dir='ltr'><strong>et</strong></span> 
     </span>
     <span class='ocr_line' id='line_1_33' title="bbox 62 2739 849 2823; baseline 0 -21"><span class='ocrx_word' id='word_1_209' title='bbox 62 2752 210 2802; x_wconf 90' lang='lat' dir='ltr'><strong>nocturno</strong></span> <span class='ocrx_word' id='word_1_210' title='bbox 224 2739 351 2800; x_wconf 90' lang='lat' dir='ltr'><strong>tumultu</strong></span> <span class='ocrx_word' id='word_1_211' title='bbox 379 2740 467 2800; x_wconf 88' lang='lat' dir='ltr'><strong>duces</strong></span> <span class='ocrx_word' id='word_1_212' title='bbox 489 2743 591 2823; x_wconf 76' lang='lat' dir='ltr'><strong>parlim</strong></span> <span class='ocrx_word' id='word_1_213' title='bbox 621 2745 733 2803; x_wconf 77' lang='lat' dir='ltr'><strong>intente</strong></span> <span class='ocrx_word' id='word_1_214' title='bbox 757 2750 849 2805; x_wconf 82' lang='lat' dir='ltr'><strong>asser·</strong></span> 
     </span>
    </p>

    <p class='ocr_par' dir='ltr' id='par_1_6' title="bbox 34 2819 851 2984">
     <span class='ocr_line' id='line_1_34' title="bbox 34 2819 846 2901; baseline 0.002 -19"><span class='ocrx_word' id='word_1_215' title='bbox 34 2824 36 2830; x_wconf 82' lang='grc'><strong>’</strong></span> <span class='ocrx_word' id='word_1_216' title='bbox 63 2823 125 2882; x_wconf 81' lang='lat' dir='ltr'><strong>vati</strong></span> <span class='ocrx_word' id='word_1_217' title='bbox 137 2866 146 2895; x_wconf 91' lang='lat'>‚</span> <span class='ocrx_word' id='word_1_218' title='bbox 159 2822 236 2880; x_wconf 82' lang='lat' dir='ltr'><strong>alter</strong></span> <span class='ocrx_word' id='word_1_219' title='bbox 247 2823 279 2879; x_wconf 94' lang='lat' dir='ltr'><strong>in</strong></span> <span class='ocrx_word' id='word_1_220' title='bbox 299 2819 456 2881; x_wconf 85' lang='lat' dir='ltr'><strong>destinatis</strong></span> <span class='ocrx_word' id='word_1_221' title='bbox 468 2823 525 2901; x_wconf 87' lang='lat' dir='ltr'><strong>jam</strong></span> <span class='ocrx_word' id='word_1_222' title='bbox 543 2825 609 2882; x_wconf 79' lang='lat' dir='ltr'><strong>ante</strong></span> <span class='ocrx_word' id='word_1_223' title='bbox 618 2824 846 2892; x_wconf 86' lang='lat' dir='ltr'><strong>animolatebris</strong></span> 
     </span>
     <span class='ocr_line' id='line_1_35' title="bbox 64 2901 851 2984; baseline 0.001 -20"><span class='ocrx_word' id='word_1_224' title='bbox 64 2901 195 2964; x_wconf 88' lang='lat' dir='ltr'><strong>subsedit</strong></span> <span class='ocrx_word' id='word_1_225' title='bbox 208 2947 219 2976; x_wconf 91' lang='lat'><strong>,</strong></span> <span class='ocrx_word' id='word_1_226' title='bbox 232 2902 307 2963; x_wconf 82' lang='lat' dir='ltr'><strong>alter</strong></span> <span class='ocrx_word' id='word_1_227' title='bbox 315 2921 370 2984; x_wconf 88' lang='lat' dir='ltr'><strong>per</strong></span> <span class='ocrx_word' id='word_1_228' title='bbox 385 2902 455 2962; x_wconf 84' lang='lat' dir='ltr'><strong>vada</strong></span> <span class='ocrx_word' id='word_1_229' title='bbox 470 2916 539 2964; x_wconf 83' lang='lat' dir='ltr'><strong>nota</strong></span> <span class='ocrx_word' id='word_1_230' title='bbox 554 2907 723 2966; x_wconf 87' lang='lat' dir='ltr'><strong>Metaurum</strong></span> <span class='ocrx_word' id='word_1_231' title='bbox 736 2904 851 2965; x_wconf 85' lang='lat' dir='ltr'><strong>flumen</strong></span> 
     </span>
    </p>
   </div>
   <div class='ocr_carea' id='block_1_3' title="bbox 66 3062 851 3398">
    <p class='ocr_par' dir='ltr' id='par_1_7' title="bbox 66 3062 851 3398">
     <span class='ocr_line' id='line_1_36' title="bbox 66 3062 849 3132; baseline 0.004 -20"><span class='ocrx_word' id='word_1_232' title='bbox 66 3062 147 3113; x_wconf 89' lang='lat' dir='ltr'><strong>mitur</strong></span> <span class='ocrx_word' id='word_1_233' title='bbox 165 3078 268 3132; x_wconf 81' lang='lat' dir='ltr'><strong>quoque</strong></span> <span class='ocrx_word' id='word_1_234' title='bbox 291 3064 320 3114; x_wconf 89' lang='lat' dir='ltr'><strong>in</strong></span> <span class='ocrx_word' id='word_1_235' title='bbox 341 3063 438 3117; x_wconf 85' lang='lat' dir='ltr'><strong>bonam</strong></span> <span class='ocrx_word' id='word_1_236' title='bbox 472 3080 500 3118; x_wconf 89' lang='lat' dir='ltr'><strong>ut</strong></span> <span class='ocrx_word' id='word_1_237' title='bbox 528 3065 581 3117; x_wconf 90' lang='lat' dir='ltr'><strong>hoc</strong></span> <span class='ocrx_word' id='word_1_238' title='bbox 609 3067 694 3129; x_wconf 89' lang='lat' dir='ltr'><strong>loco,</strong></span> <span class='ocrx_word' id='word_1_239' title='bbox 724 3076 751 3119; x_wconf 87' lang='lat' dir='ltr'><strong>ut</strong></span> <span class='ocrx_word' id='word_1_240' title='bbox 775 3063 849 3130; x_wconf 80' lang='lat' dir='ltr'><strong>apud</strong></span> 
     </span>
     <span class='ocr_line' id='line_1_37' title="bbox 66 3131 836 3202; baseline 0.008 -23"><span class='ocrx_word' id='word_1_241' title='bbox 66 3140 169 3198; x_wconf 82' lang='lat' dir='ltr'><strong>partem</strong></span> <span class='ocrx_word' id='word_1_242' title='bbox 182 3163 189 3189; x_wconf 91' lang='lat'>‚</span> <span class='ocrx_word' id='word_1_243' title='bbox 209 3131 246 3181; x_wconf 87' lang='lat' dir='ltr'><strong>ita</strong></span> <span class='ocrx_word' id='word_1_244' title='bbox 259 3143 347 3181; x_wconf 86' lang='lat' dir='ltr'><strong>temen</strong></span> <span class='ocrx_word' id='word_1_245' title='bbox 359 3146 388 3183; x_wconf 88' lang='lat' dir='ltr'><strong>ut</strong></span> <span class='ocrx_word' id='word_1_246' title='bbox 398 3149 438 3182; x_wconf 77' lang='lat' dir='ltr'><strong>res</strong></span> <span class='ocrx_word' id='word_1_247' title='bbox 472 3135 531 3187; x_wconf 89' lang='lat' dir='ltr'><strong>Cic.</strong></span> <span class='ocrx_word' id='word_1_248' title='bbox 544 3151 591 3199; x_wconf 86' lang='lat' dir='ltr'><strong>pro</strong></span> <span class='ocrx_word' id='word_1_249' title='bbox 600 3132 686 3202; x_wconf 85' lang='lat' dir='ltr'><strong>Ligar.</strong></span> <span class='ocrx_word' id='word_1_250' title='bbox 698 3150 726 3184; x_wconf 83' lang='lat' dir='ltr'><strong>n.</strong></span> <span class='ocrx_word' id='word_1_251' title='bbox 745 3147 766 3180; x_wconf 91' lang='lat' dir='ltr'><strong>r.</strong></span> <span class='ocrx_word' id='word_1_252' title='bbox 776 3141 836 3184; x_wconf 60' lang='lat' dir='ltr'><strong>uta.</strong></span> 
     </span>
     <span class='ocr_line' id='line_1_38' title="bbox 67 3194 851 3270; baseline -0.003 -21"><span class='ocrx_word' id='word_1_253' title='bbox 67 3199 98 3249; x_wconf 88' lang='lat' dir='ltr'><strong>in</strong></span> <span class='ocrx_word' id='word_1_254' title='bbox 123 3211 197 3247; x_wconf 84' lang='lat' dir='ltr'><strong>usum</strong></span> <span class='ocrx_word' id='word_1_255' title='bbox 223 3209 249 3248; x_wconf 87' lang='lat' dir='ltr'><strong>ct</strong></span> <span class='ocrx_word' id='word_1_256' title='bbox 270 3200 439 3249; x_wconf 88' lang='lat' dir='ltr'><strong>commodum</strong></span> <span class='ocrx_word' id='word_1_257' title='bbox 472 3199 649 3270; x_wconf 77' lang='lat' dir='ltr'><strong>ignoratione</strong></span> <span class='ocrx_word' id='word_1_258' title='bbox 672 3201 720 3252; x_wconf 77' lang='lat' dir='ltr'><strong>tud</strong></span> <span class='ocrx_word' id='word_1_259' title='bbox 748 3199 784 3250; x_wconf 81' lang='lat' dir='ltr'><strong>ad</strong></span> <span class='ocrx_word' id='word_1_260' title='bbox 800 3194 851 3248; x_wconf 83' lang='lat' dir='ltr'><strong>ho·-</strong></span> 
     </span>
     <span class='ocr_line' id='line_1_39' title="bbox 67 3264 851 3335; baseline 0.001 -21"><span class='ocrx_word' id='word_1_261' title='bbox 67 3276 182 3316; x_wconf 79' lang='lat' dir='ltr'><strong>vertatur</strong></span> <span class='ocrx_word' id='word_1_262' title='bbox 212 3281 246 3315; x_wconf 86' lang='lat' dir='ltr'><strong>ve</strong></span> <span class='ocrx_word' id='word_1_263' title='bbox 283 3277 375 3317; x_wconf 81' lang='lat' dir='ltr'><strong>contm</strong></span> <span class='ocrx_word' id='word_1_264' title='bbox 396 3264 439 3334; x_wconf 86' lang='lat' dir='ltr'><strong>jus</strong></span> <span class='ocrx_word' id='word_1_265' title='bbox 472 3266 555 3319; x_wconf 84' lang='lat' dir='ltr'><strong>minis</strong></span> <span class='ocrx_word' id='word_1_266' title='bbox 595 3264 693 3322; x_wconf 77' lang='lat' dir='ltr'><strong>irriseri</strong></span> <span class='ocrx_word' id='word_1_267' title='bbox 729 3265 851 3335; x_wconf 68' lang='lat' dir='ltr'><strong>salutem</strong></span> 
     </span>
     <span class='ocr_line' id='line_1_40' title="bbox 70 3332 610 3398; baseline 0.007 -16"><span class='ocrx_word' id='word_1_268' title='bbox 70 3342 113 3382; x_wconf 83' lang='lat' dir='ltr'><strong>aut</strong></span> <span class='ocrx_word' id='word_1_269' title='bbox 137 3332 355 3383; x_wconf 78' lang='lat' dir='ltr'><strong>consuetudinem</strong></span> <span class='ocrx_word' id='word_1_270' title='bbox 373 3371 380 3398; x_wconf 89' lang='lat'><strong>,</strong></span> <span class='ocrx_word' id='word_1_271' title='bbox 395 3333 440 3382; x_wconf 87' lang='lat' dir='ltr'><strong>vel</strong></span> <span class='ocrx_word' id='word_1_272' title='bbox 472 3332 610 3388; x_wconf 75' lang='lat' dir='ltr'><strong>abuterer.</strong></span> 
     </span>
    </p>
   </div>
   <div class='ocr_carea' id='block_1_4' title="bbox 70 3376 943 3520">
    <p class='ocr_par' dir='ltr' id='par_1_8' title="bbox 70 3376 943 3520">
     <span class='ocr_line' id='line_1_41' title="bbox 70 3376 943 3520; baseline -0.008 -67"><span class='ocrx_word' id='word_1_273' title='bbox 70 3408 163 3453; x_wconf 78' lang='lat' dir='ltr'><strong>conus</strong></span> <span class='ocrx_word' id='word_1_274' title='bbox 177 3413 292 3452; x_wconf 82' lang='lat' dir='ltr'><strong>mentem</strong></span> <span class='ocrx_word' id='word_1_275' title='bbox 306 3398 438 3470; x_wconf 70' lang='lat' dir='ltr'><strong>alicuius:</strong></span> <span class='ocrx_word' id='word_1_276' title='bbox 877 3376 943 3520; x_wconf 61' lang='grc' dir='ltr'><strong><em>Δ</em></strong></span> 
     </span>
    </p>
   </div>
   <div class='ocr_carea' id='block_1_5' title="bbox 0 0 1028 3780">
    <p class='ocr_par' dir='ltr' id='par_1_9' title="bbox 0 0 1028 3780">
     <span class='ocr_line' id='line_1_42' title="bbox 0 0 1028 3780; baseline 0 0"><span class='ocrx_word' id='word_1_277' title='bbox 0 0 1028 3780; x_wconf 95' lang='lat' dir='ltr'><strong> </strong></span> 
     </span>
    </p>
   </div>
  </div>
 </body>
</html>
