2016 3780
212 159 503 231 Nannnrro
551 156 678 227 XlX.
793 167 839 250 95

53 259 130 319 tium
161 263 275 323 animos
300 261 473 336 haberent,
506 281 686 343 nequaquam
712 262 839 342 perinde

55 352 143 418 atque
166 343 197 400 in
216 354 305 425 cepta
323 342 394 402 urbe
410 340 506 422 prima
522 341 569 401 die
593 354 643 401 aut
668 342 777 422 passim
792 351 842 400 aut

54 417 117 478 late'
139 433 257 500 vagatus
279 433 323 482 est
345 422 434 501 ignis.
453 422 577 483 Romani
591 443 628 480 ex
643 442 711 482 arce
724 421 842 501 plenam

56 499 189 561 hostium
216 502 316 562 urbem
338 514 513 575 cernentes,
542 521 686 580 vagosque
708 522 762 583 per
781 502 843 560 vias

59 598 162 641 omnes
174 590 303 657 cursus,
322 582 390 642 etim
405 581 463 642 alit
484 596 569 661 etque
588 581 648 641 alia
668 592 752 662 parte
768 600 843 639 nova

58 659 156 737 aliqua
172 661 271 723 clades
285 662 432 736 oriretur,
450 664 498 739 (ὁ)
513 681 571 720 non
586 662 733 721 mentibus
745 661 855 731 solum,

58 742 233 822 consipere,
253 742 306 803 sed
329 764 365 802 ne
381 737 500 804 auribus
521 741 638 819 quidem
664 755 751 820 atque
773 758 843 798 ocu-

56 816 97 878 lia
111 823 180 882 satis
194 825 328 883 constare
350 832 495 903 poterant.
517 823 712 902 Quocumque
727 822 843 880 clamor

56 897 218 973 hostium,
249 903 408 963 mulierum
442 916 662 983 puerorumque
691 901 842 983 ploratus,

58 981 171 1041 sonitus
189 978 333 1054 flammae,
355 995 386 1041 et
404 982 502 1060 fragor
525 985 674 1043 ruentium
697 992 844 1042 tectorum

58 1058 254 1134 advertisset,
279 1073 418 1144 paventes
440 1062 617 1135 adomnia,
639 1064 753 1122 animos
775 1080 843 1120 ora-

60 1157 118 1216 que
138 1152 167 1199 et
189 1141 294 1202 oculos
312 1142 490 1217 flectebant,
520 1145 599 1203 velut
629 1143 663 1203 ad
693 1153 845 1222 spectacu-

59 1215 122 1303 lum
147 1219 164 1280 a
187 1220 302 1283 fortuna
326 1224 416 1304 positi
444 1225 608 1283 occidentis
635 1223 766 1304 patriae,
791 1239 845 1280 nec

60 1296 150 1365 ullius
163 1319 261 1362 rerum
278 1323 398 1363 suarum
416 1305 538 1378 relicti,
562 1317 760 1385 praeterquam
778 1320 846 1361 cor«

63 1395 193 1456 porum,
215 1383 345 1442 vindices
370 1405 377 1443 ι
399 1385 483 1442 tanto
505 1397 572 1445 ante
592 1382 668 1446 alios
686 1380 847 1443 miserandi

64 1460 158 1535 magis
180 1460 231 1535 qui
251 1479 377 1538 unquam
396 1463 504 1522 obsessi
528 1475 617 1535 sunt,
646 1463 726 1543 qubd
754 1463 846 1519 inter-

64 1533 168 1596 clusilt
182 1540 279 1675 patria
297 1539 527 1611 obsidebantur,
543 1545 644 1602 omnia
659 1563 709 1601 sua
724 1559 849 1600 cernen-

62 1625 110 1676 tes
132 1615 162 1676 in
203 1620 312 1678 ostium
330 1632 488 1700 potestate.
508 1622 580 1681 Nec'
592 1620 775 1696 tranquillior
792 1638 850 1678 nox

64 1688 144 1767 sliem
169 1707 227 1756 tam
250 1699 451 1773 foederatum
481 1701 600 1781 excepit
629 1722 635 1760 :
663 1701 714 1758 lux
741 1698 850 1757 deinde

64 1787 182 1836 noctem
209 1779 370 1859 inquietam
400 1783 554 1860 insequuta
577 1792 622 1839 est
646 1801 652 1837 ε
682 1799 736 1837 nec
759 1778 852 1837 ullum

59 1867 128 1924 erat
148 1868 267 1938 tempus
282 1907 291 1934 ,
306 1861 384 1943 quod
402 1861 420 1922 a
443 1881 530 1920 novae
549 1881 666 1940 semper
687 1858 780 1919 cladis
798 1858 853 1918 ali·

65 1938 147 2015 cujus
160 1943 334 2016 spectaculo
352 1955 490 2003 cessaret.
507 1943 594 2002 Nihil
611 1952 709 1999 tamen
725 1950 769 1997 tot
780 1960 853 1998 one·
909 1986 912 1995 .

65 2017 125 2074 rati
139 2027 223 2094 atque
237 2022 337 2081 obruti
348 2022 435 2082 malis
451 2021 595 2080 flexerunt
611 2023 743 2089 animos,
759 2022 848 2096 quin,

68 2095 125 2150 etsi
144 2100 245 2157 omnia
262 2099 391 2161 flammis
408 2122 441 2160 ac
461 2103 554 2160 ruinis
571 2113 681 2177 aquata
692 2099 857 2176 vidissent,

70 2176 201 2250 quamvis
220 2180 342 2259 inopem
360 2200 562 2259 parvumque,
584 2198 670 2253 quem
696 2180 854 2250 tenebant,

68 2253 204 2327 collem,
236 2257 366 2318 libertati
393 2259 556 2328 relictum,
586 2258 694 2316 virtute
717 2256 855 2315 detende-

61 2345 143 2398 Jent.
166 2334 283 2411 Etiam
303 2341 370 2398 crint
390 2341 491 2399 eadem
513 2336 646 2417 quotidie
667 2336 854 2409 acciderent,

69 2413 149 2474 velut
168 2420 277 2477 assueti
304 2419 412 2491 malis,
433 2421 669 2481 abalienaverant
699 2415 736 2476 ab
768 2431 855 2477 sensti

17 2514 20 2520 ·
69 2515 166 2554 rerum
184 2515 298 2561 suarum
317 2502 452 2574 animos;
476 2518 557 2559 arma
573 2498 706 2570 tantbm,
733 2497 856 2556 ferrum·

69 2596 127 2656 que
150 2577 333 2654 internis,
357 2579 436 2640 velut
451 2580 527 2640 solas
548 2579 694 2658 reliquias
715 2579 778 2658 spei
796 2584 854 2640 suae

70 2658 227 2720 intuentes.
585 2682 587 2686 ·

101 2819 445 2886 5(N0nmemibussottm
479 2817 856 2888 abinquietlagitationecnn-

68 2889 244 2955 consipere)
273 2890 336 2940 Non
359 2885 444 2939 solilm
478 2889 570 2939 tinere.
604 2883 778 2949 Causipere,
813 2895 854 2932 est

67 2958 198 3012 mentium
228 2966 367 3021 compotes
388 2972 444 3005 esse
477 2956 586 3006 verbum
606 2951 784 3024 rarissimum,
812 2950 854 2998 de-

68 3040 124 3074 non
138 3033 276 3088 poterant,
289 3024 332 3073 sed
348 3037 381 3072 ne
398 3036 444 3073 aa·
477 3023 587 3074 ductum
598 3017 613 3070 si
624 3017 703 3069 verbo
715 3034 805 3082 sapio.

66 3106 110 3141 -res
128 3090 236 3159 quidem
253 3101 331 3163 atque
351 3089 444 3163 ocules
