2016 3780
190 179 465 256 Nannarro
512 175 704 248 XXXII.
770 186 834 269 189

95 277 210 342 XXIII.
228 281 347 340 Locunr
357 299 471 360 quoque
493 279 604 341 editum
620 281 741 361 capiunt
753 305 762 353 ;
776 280 835 340 col·
851 291 948 358 Sagun-

55 359 181 437 Iatisque
196 362 231 420 eb
244 359 397 440 catapultis
410 359 619 439 ballistisque,
635 371 667 419 ut
682 357 834 420 castellum
845 354 948 400 “tm'‘

57 442 89 498 in
101 441 165 519 ipsa
177 442 248 500 urbe
260 439 337 499 velut
349 459 449 501 arcem
460 441 662 500 imminentem
678 439 818 499 haberent
827 482 836 511 ,
846 422 948 520 {ism

57 537 143 578 muro
162 519 368 580 circumdant:
391 531 420 579 et
442 521 596 599 Saguntini
620 538 737 579 murum
759 521 837 576 inte-

58 600 165 657 riorem
189 601 228 660 ab
246 599 375 661 nondum
395 602 480 681 capti
504 601 584 660 urbis
607 600 695 680 parte
716 598 836 658 ducunt

24 697 27 703 ’
59 678 205 756 Utrisque
226 680 340 739 summi
356 681 386 739 vi
408 691 438 739 et
452 680 608 751 munIunt,
628 691 658 738 et
676 687 808 759 puguant
828 695 836 733 ε
930 701 935 708 ·

57 757 107 818 sed
127 756 268 819 interiora
287 759 418 831 tuendo,
439 761 583 820 minorem
602 760 634 818 in
651 759 714 818 dies
734 758 840 817 urbem

57 837 212 914 Saguntini
242 838 364 901 faciunt.
389 840 627 910 ¹Simul-crescit
654 837 754 918 inopia
778 856 841 895 om·

55 916 162 990 nium,
188 917 276 998 Iongd
300 918 477 992 obsidione;
503 930 532 977 et
556 918 699 978 minuitur
720 935 840 996 exspec-

58 998 132 1055 tatio
153 1010 281 1058 esternae
295 1002 384 1080 opis,
404 1001 473 1061 crlm
492 1010 553 1059 tem
572 995 677 1078 piccul
695 996 839 1070 Romani,

58 1078 145 1135 unIca
160 1094 248 1155 spes,
262 1079 453 1139 circdomnia
469 1079 597 1140 hostium
612 1089 720 1150 essent.

61 1191 67 1206 ..
98 1154 214 1220 XXIV.
242 1159 393 1241 Paulisper
408 1172 504 1220 tamen
518 1159 640 1220 affectos
661 1157 774 1216 animos
796 1174 841 1213 re-

42 1236 167 1297 creavit
187 1240 342 1318 repentina
367 1240 514 1320 profectio
536 1238 691 1300 Annibalis
713 1238 745 1295 in
766 1234 841 1296 Ore-

58 1327 141 1374 tanos
157 1315 394 1397 Carpetanosque
415 1343 422 1380 :
447 1322 497 1398 qui
508 1319 574 1393 ⁸dno
588 1318 690 1399 populi
707 1311 841 1376 deIectlls

60 1394 220 1453 acerbitate
235 1399 435 1470 consternati,
450 1402 573 1459 retentis
590 1395 839 1476 conquisitoribus

60 1485 174 1532 metum
195 1473 370 1534 deiectionis
387 1477 455 1535 crim
474 1480 666 1556 prebuissent
680 1523 690 1551 ,
704 1473 840 1557 oppressi

61 1551 212 1612 celeritate
232 1553 403 1626 Annibalis,
429 1556 591 1616 omiserunt
603 1567 686 1616 mota
701 1575 789 1614 arma.

100 1631 202 1695 XXV.
221 1635 286 1694 Nec
298 1633 418 1710 Sagunti
429 1637 616 1718 oppugnatio
628 1637 746 1713 segnior
757 1640 819 1700 erat
832 1674 842 1704 ,
904 1630 907 1634 ⁴

60 1712 249 1785 Maharbale,
272 1714 452 1776 Himilconis
465 1715 549 1790 filio,
572 1734 658 1794 quem
673 1713 841 1796 prefecerat

59 1791 206 1864 Annibal,
228 1796 270 1854 ita
289 1795 420 1875 impigre
443 1816 507 1858 rem
527 1807 653 1874 agente,
677 1806 709 1854 ut
734 1792 842 1852 ducem

61 1873 164 1938 abesse
191 1870 245 1934 nec
273 1877 353 1936 cives
381 1897 436 1938 nee
458 1879 558 1938 hostes
586 1876 737 1936 sentirent.
762 1873 841 1932 Iset

60 1955 167 2033 praelia
177 1954 288 2031 aliquot
299 1956 424 2036 secunda
436 1957 529 2028 lecit,
545 1969 576 2016 et
590 1957 682 2016 tribus
695 1951 841 2014 arietibus

60 2034 130 2107 (19)
151 2032 331 2109 aliquantium
346 2038 422 2095 muri
438 2037 596 2107 discussit,
613 2045 759 2109 strataque
776 2048 841 2088 om-

62 2110 111 2165 nia
127 2111 294 2170 recentibus
306 2113 401 2172 ruinis
411 2115 578 2176 advenienti
588 2112 728 2171 AnnIbali
743 2119 842 2168 osten-

62 2185 116 2244 dit.
145 2185 245 2265 Itaque
269 2187 305 2246 ad
327 2191 425 2269 ipsam
444 2212 546 2252 arcem
566 2189 717 2268 externplo
737 2189 841 2247 ductus

62 2265 236 2341 exeicitus,
269 2277 410 2346 atroxque
435 2269 575 2352 praelium
598 2290 669 2330 curn·
683 2269 842 2335 multorum

60 2347 199 2423 utrinque
213 2346 291 2408 caede
302 2347 430 2424 initum,
448 2363 478 2410 et
494 2370 561 2431 pars
578 2352 654 2411 arcis
666 2362 750 2429 capta
766 2356 820 2405 est·

16 2450 18 2454 ·
100 2425 215 2490 XXVI.
238 2427 364 2489 Tentata
383 2429 488 2494 deinde
506 2453 561 2512 per
575 2432 647 2492 duos
663 2441 707 2490 est
730 2429 841 2504 exigua
898 2431 948 2484 Par

60 2510 146 2586 pacis
161 2524 250 2585 spes,
268 2508 411 2570 Alconem
425 2511 637 2589 Saguntinum,
655 2520 685 2569 et
703 2509 841 2569 Alorcum
851 2493 942 2555 frustrat

60 2587 237 2665 Hispanum·
263 2589 361 2647 Alcon
381 2590 483 2651 insciis
502 2591 687 2668 Saguntinis,
701 2588 841 2670 precibus
853 2564 948 2604 “m“

5 2683 7 2687 ’
56 2665 174 2743 aliquid
199 2676 349 2729 moturum
371 2681 476 2742 ratus,
508 2671 577 2731 crim
600 2670 638 2731 ed
659 2671 840 2734 Annibalem

59 2757 149 2806 noctu
165 2747 316 2806 transisset
329 2791 338 2819 ,
365 2760 520 2829 postquam
533 2752 610 2812 nihil
623 2750 764 2832 lacrymae
775 2768 841 2811 mo-'

59 2828 186 2899 rebant,
203 2825 446 2908 conditionesque
463 2830 560 2892 tristes
577 2843 609 2890 ut
627 2833 664 2892 ab
681 2834 762 2891 irato
776 2833 842 2891 vic·-

59 2919 125 2968 tore
149 2905 339 2980 ferebantur,
359 2909 507 2989 transfuga
526 2932 563 2973 ex
582 2923 698 2972 oratore
719 2909 837 2983 Iactus,

59 2986 273 3067 apuddrostem
304 2990 434 3064 mansit,
466 2993 641 3051 moriturum
668 2988 841 3060 affirmans,

23 3131 36 3155 ,ι
58 3065 110 3147 qui
132 3067 186 3126 sub
204 3066 423 3129 conditionibus
438 3070 484 3130 his
497 3071 533 3129 de
549 3091 623 3151 pace
639 3080 748 3144 ageret.
767 3067 839 3126 Pos-

60 3147 207 3210 tulabetur
224 3159 341 3221 autern,
372 3148 527 3209 redderent
557 3170 604 3210 res
626 3147 840 3211 Turdetanis-t

96 3251 146 3318 19(
152 3229 351 3318 Aliquantum)
370 3249 448 3306 Non,
466 3248 666 3316 Aliquantluu,
689 3247 750 3315 plus
769 3247 838 3303 valet
856 3238 859 3242 ¹

61 3317 193 3377 modicam
220 3318 289 3369 muri
319 3328 430 3384 partem.
466 3312 679 3386 quampsnllsm.
787 3329 794 3341 ¹
836 3322 842 3335 “
