2016 3780
237 100 520 210 Nonnsnso
567 140 660 213 LV.
779 150 844 217 183

56 245 148 325 tisque
162 245 296 323 exempla
308 246 353 305 M.
366 244 473 304 Atilius
482 249 622 325 quondam
638 250 667 306 in
681 245 732 307 otc
743 247 842 310 eidem

57 325 132 389 terri
142 327 269 395 fuisset,
290 328 314 384 si
336 329 423 385 uictor
436 347 533 404 pacem
545 327 705 406 petentibus
720 331 847 389 dedisset
952 378 955 385 .

55 403 186 486 patribus
199 408 303 464 nostris
316 427 327 464 ,·
345 410 461 465 sednon
478 411 629 467 statuendo
649 412 761 468 tandem
768 409 845 480 feli-

21 550 32 559 *
56 487 138 545 citati
158 490 292 557 modum,
315 508 364 545 nec
380 485 529 546 cohibendo
551 488 710 562 efflrentem
731 509 761 547 se
778 493 845 561 for·

55 576 176 660 tunam,
205 565 308 646 quanti>
330 566 417 626 altile
440 565 535 628 elatus
562 580 654 641 arat,
685 569 717 627 oi)
734 570 864 639 factitis·

54 658 168 706 corruit.

4 742 7 746 ⁴
98 749 180 815 VIII.
202 750 260 810 Est
272 752 384 830 quidem
400 750 458 828 ejus
470 752 518 830 qui
530 755 600 824 dat,
619 775 672 811 non
689 755 738 833 qui
747 755 845 831 petit,

57 834 228 893 conditiones
243 835 312 892 dare
322 834 402 911 pecie
422 852 432 889 .·
455 835 504 892 sed
518 836 643 901 forsitan
664 855 717 892 non
733 835 844 910 indigni
864 887 870 892 .

53 915 159 985 simus,
176 914 225 993 qui
240 912 447 990 nobismetipsis
458 910 591 971 mulctam
603 916 768 990 irrogemus.
781 913 845 973 Non

57 1013 216 1053 recusamus
227 1033 235 1062 ,
247 994 312 1073 quin
325 993 417 1050 omnia
429 1003 543 1071 propter
555 1014 616 1073 qua
627 991 735 1051 bellum
743 996 843 1052 initum

57 1085 119 1146 est,
143 1084 234 1133 uestra
255 1075 338 1143 sint.;
367 1069 491 1143 Sicilia,
511 1072 659 1144 Sardinia,
677 1071 846 1151 Hispania,

56 1156 188 1236 quicquid
206 1150 360 1210 insularum
379 1161 437 1210 toto
449 1154 523 1211 inter
534 1151 661 1225 Africam
673 1151 847 1232 Italiamque
899 1164 906 1172 “

57 1237 214 1295 continetur
235 1233 316 1290 mori.
339 1228 609 1309 Carthaginienses,
629 1232 730 1292 inclusi
741 1232 847 1302 Africa

59 1313 220 1383 littoribus,
236 1334 282 1372 vos
299 1313 429 1390 (quandin
444 1311 483 1370 tra
498 1315 553 1370 diis
563 1313 691 1392 placuit)
718 1316 845 1388 (b)'ex·

58 1407 139 1455 terna
166 1396 252 1452 etiam
284 1392 360 1451 terri
392 1394 519 1473 marique
544 1392 687 1452 videamus
713 1403 854 1472 regentes·
949 1426 953 1431 ·

58 1494 185 1555 imperto.

100 1577 156 1640 IX.
177 1575 264 1636 Haud
276 1577 458 1658 negaverim,
478 1587 593 1656 propter
612 1599 666 1637 non
687 1578 771 1638 nimis
789 1576 847 1637 sin·

59 1658 121 1722 ceri
133 1661 256 1740 petitam
270 1668 323 1715 aut
337 1668 533 1735 exspectatam
546 1679 634 1737 nuper
650 1679 764 1735 pacem,
780 1677 846 1717 sus-

53 1753 167 1825 pectam
180 1759 240 1798 esse
256 1736 332 1796 vobis
350 1738 485 1797 Punicam
494 1739 592 1813 fidem.
613 1737 673 1814 (6)
695 1737 846 1808 Mustium,

54 1845 108 1906 per
125 1842 192 1902 quos
205 1820 296 1898 petita
314 1821 374 1890 sit,
400 1821 438 1876 ad
455 1819 543 1894 fidem
561 1823 669 1878 tuenda
686 1820 765 1898 pacis
778 1839 847 1898 μεν·

57 1908 149 1975 tinet,
173 1899 275 1978 Scipio.
304 1900 399 1960 Vestri
414 1920 521 1979 quoque
544 1904 597 1974 (ut
612 1900 717 1973 audio)
737 1900 846 1959 Patres

58 1981 184 2041 nonnihil
198 1983 282 2039 etiam
299 1978 332 2037 ob
347 1978 417 2047 hoc,
435 1982 500 2056 quia
521 1982 619 2056 pariam
640 1982 791 2058 dignitatis
812 1981 847 2036 in

58 2061 200 2141 legatione
219 2068 301 2128 erat,
323 2066 496 2136 negaverunt
509 2075 619 2134 pacem.
640 2057 763 2117 Annibal
774 2069 844 2138 peto

55 2161 153 2225 pacem
166 2162 177 2196 .·
190 2143 237 2218 qui
249 2158 338 2216 neque
345 2148 469 2215 peterem
480 2178 489 2206 ,
502 2137 556 2194 uisi
569 2135 667 2194 utilem
682 2141 819 2197 crederem
826 2157 843 2209 ,·

58 2235 87 2284 et
95 2231 209 2302 propter
219 2221 344 2277 mmdom
356 2214 510 2276 utilitatem
522 2219 619 2276 tuebor
629 2238 690 2276 eam
701 2259 711 2288 ,
724 2230 846 2296 propter

77 2325 141 2362 uam
160 2299 254 2380 petit·
265 2297 321 2370 Et,
341 2298 593 2378 quemadmodicm,
616 2302 681 2376 quia
696 2297 712 2355 ι’
725 2318 769 2355 me
784 2295 844 2356 bel-

19 2412 21 2418 ·
56 2328 115 2446 lum
133 2392 249 2460 captum
265 2389 329 2449 est,
353 2377 415 2456 (7)
438 2374 471 2437 ui
491 2399 573 2459 quem
593 2379 654 2456 ejus
672 2381 843 2456 peniteret,

56 2468 149 2546 quoad
168 2464 222 2542 ipsi
242 2459 364 2519 invidire
379 2460 425 2518 dci
435 2501 444 2530 ,
466 2460 590 2538 prestiti
601 2480 612 2531 ;
639 2459 681 2517 int
703 2460 844 2534 annitar,

58 2547 91 2604 ue'
111 2563 191 2623 quem
204 2543 283 2620 pacis
291 2561 344 2619 per
359 2560 403 2600 me
417 2551 509 2620 parta
520 2541 666 2620 peniteat,

91 2706 108 2761 5
118 2705 292 2774 (Externa...
302 2712 432 2770 regentes
498 2701 517 2754 6
537 2703 548 2768 (
556 2701 677 2754 Multum
687 2744 695 2769 ,
709 2723 760 2774 per·
769 2685 845 2777 φρομ

57 2773 193 2845 imperia)
208 2771 433 2847 Imperiumexer-
463 2769 549 2835 petita
560 2770 619 2838 sit)
640 2770 701 2838 Qui
719 2771 769 2825 lide
787 2790 845 2841 pax:

58 2842 432 2896 centesinexterasnuttones.
466 2849 604 2902 servetur,
633 2838 660 2890 io
682 2842 845 2909 magnaper&
916 2856 922 2862 ·

57 2913 197 2980 Rogantes
224 2902 340 2972 imperia
356 2921 366 2952 :
386 2899 432 2953 hic
464 2903 563 2967 pendet
571 2905 740 2977 condignitate
748 2922 842 2960 eorum

56 2977 161 3028 videtur
183 2975 238 3026 dici
261 2969 433 3042 quemadmo-
464 2985 510 3036 por
524 2988 590 3041 quos
601 2972 646 3024 illa
658 2973 741 3039 petita
751 2976 794 3026 sit.

58 3043 121 3105 dum
132 3040 227 3093 tortere
239 3038 331 3092 ludum
343 3073 349 3099 ‚
367 3055 431 3101 aar·
498 3041 674 3108 7(Nequern
685 3038 746 3109 ejus
772 3039 844 3094 ceni«

24 3119 27 3122 '
59 3122 118 3160 tore
131 3104 432 3172 certamemetaliasi-
465 3116 565 3157 teret...
589 3105 734 3173 praestiti)
752 3059 842 3169 leci,

58 3172 431 3241 milio.SicetVirgilius,1m-
464 3187 511 3236 per
531 3171 605 3222 lretos
625 3172 696 3223 belli·
708 3187 818 3227 eventus
827 3209 840 3237 ,-

56 3236 431 3312 pcriuniDidoTyricircgit
466 3249 494 3286 ut
513 3254 592 3288 nemo
609 3238 675 3290 illud
686 3254 844 3310 susceptu!

57 3306 123 3362 urio
135 3301 273 3378 profectui.
432 3333 434 3337 ·
448 3303 584 3360 incusare
595 3319 695 3374 posset.
836 3329 840 3335 ·
