2016 3780
10 39 395 71 mne-*3

285 265 576 334 Nsnnarro
624 264 651 332 l.
844 272 865 337 3

83 368 132 443 (6)
148 366 183 426 etl
194 367 345 448 rapiendae
356 368 481 445 virgines
498 367 650 428 discurrit.
674 367 784 447 Magna
797 388 868 449 pars

82 445 183 518 forte,
204 460 237 506 ut
256 449 288 506 in
304 467 391 527 quem
411 468 531 527 queque
554 447 721 516 inciderat,
744 461 835 527 raptae
857 472 865 508 ε

36 523 42 531 '
104 525 226 588 uaedam
241 527 336 588 lorini
351 528 532 588 excellentes
551 530 731 609 primoribus
750 541 869 609 patrum

83 545 246 667 bestinatas
270 629 307 668 ex
329 607 417 690 plebe
443 610 600 683 homines,
632 608 739 689 quibus
766 608 873 669 datum

83 689 238 766 negotium
250 700 338 762 erat,
348 688 450 750 domos
470 688 651 750 deferebant.
672 690 766 750 Unam
779 690 869 767 longe

83 780 151 827 ante
172 767 243 828 alias
265 770 369 851 specie
390 789 424 830 ac
445 770 666 851 pulchritudine
688 769 833 848 insignem
851 770 870 829 a

83 846 173 923 globo
197 848 325 910 Talassii
343 850 493 928 cujusdam
517 863 635 932 raptam
651 850 749 919 ferunt
760 876 769 925 ς
792 847 870 909 mul-

80 928 180 1007 tisque
195 930 417 991 sciscitantibus
429 932 547 992 cuinam
559 951 624 991 eam
637 929 749 990 ferrent
761 975 769 1003 ‚
787 928 870 989 iden·
884 930 927 991 -b-

83 1008 199 1082 tidem,
222 1031 259 1070 ne
275 1013 343 1090 quis
359 1010 503 1086 violaret,
525 1012 661 1073 Talassio
677 1011 751 1070 ferri
766 1009 871 1071 clami·

85 1099 177 1148 tatum
190 1111 197 1148 ι
214 1092 283 1149 iude
294 1090 459 1171 nuptialem
472 1094 550 1154 hanc
563 1112 664 1152 vocem
678 1092 795 1152 lactem.

126 1167 181 1231 IV.
203 1170 334 1232 Turbato
351 1193 407 1253 per
425 1186 537 1234 metum
555 1173 687 1246 ludicro,
703 1171 802 1232 moesti
818 1190 873 1313 pp-

84 1260 183 1309 rentes
199 1254 244 1311 vir
265 1253 345 1314 inutn
361 1254 557 1335 profugiunt,
582 1256 750 1314 incusantes
768 1253 818 1313 vio
848 1252 873 1310 ti

85 1331 212 1410 hospitii
239 1273 358 1406 beders,
387 1336 535 1414 deumque
563 1335 760 1405 invocantes,
786 1336 872 1414 cujus

85 1409 121 1471 atl
145 1412 277 1473 solemne
297 1413 443 1497 ludosque
464 1418 513 1497 (7)
527 1434 582 1496 per
599 1413 643 1475 las
663 1435 697 1475 ac
715 1411 804 1474 fidam
820 1414 874 1472 de-

85 1490 188 1571 cepti,
211 1496 373 1554 venissent.
402 1498 469 1557 Nec
498 1497 590 1576 raptis
614 1507 664 1555 aut
688 1514 755 1577 spes
779 1493 815 1552 de
841 1512 877 1552 se

85 1568 220 1646 melior,
244 1584 296 1638 aut
318 1575 489 1653 indignatio
512 1588 558 1635 est
579 1579 677 1634 minor
703 1574 789 1633 t'setl
806 1575 875 1655 ipse

86 1649 232 1713 Romulus
252 1653 452 1727 circumibat,
473 1653 653 1730 docebatque
676 1672 692 1708 (ι
709 1666 829 1733 patrum
845 1652 878 1714 id

86 1751 105 1792 s
131 1730 274 1809 superbia
299 1733 428 1808 lactum,
457 1734 511 1813 qui
533 1733 716 1793 connubium
740 1731 878 1793 finitimis

86 1833 104 1870 n
131 1824 295 1888 negassent.
320 1813 391 1875 lllas
418 1827 518 1874 tamen
545 1814 575 1872 in
598 1815 811 1887 matrimonio,
842 1811 877 1871 iu

87 1912 104 1952 a>
128 1895 271 1953 societate
298 1893 483 1954 fortunarum
505 1895 639 1954 omnium
665 1893 878 1975 civitatisque,

86 1980 177 2043 set,
207 1993 267 2051 quo
288 1975 367 2034 nihil
395 1972 493 2036 carius
519 1975 654 2051 ¹hnmano
681 1975 787 2053 generi
811 1977 877 2045 sit,

86 2073 104 2111 r>
131 2050 260 2114 liberum
273 2052 347 2115 lore.
365 2056 522 2117 Mollirent
533 2056 620 2115 modb
632 2042 712 2126 iras,
727 2067 758 2115 et
770 2055 878 2136 quibus

87 2154 105 2192 s
128 2131 188 2191 fors
205 2153 331 2213 corpora
346 2135 496 2210 desiisset,
517 2136 619 2196 durent
638 2138 767 2196 animos.
793 2134 879 2214 Saeprl

88 2233 107 2275 a
130 2232 167 2271 ex
178 2213 296 2294 injurib'
304 2217 491 2296 postmodum
504 2218 630 2295 gretiam
646 2226 742 2274 ortam
758 2236 765 2272 :
784 2234 881 2294 eoque

87 2312 106 2354 a
130 2292 308 2353 melioribus
323 2315 425 2355 usuras
442 2297 536 2366 viris,
558 2294 635 2372 qubd
647 2297 808 2352 annixurus
824 2312 882 2372 pro

89 2394 107 2435 rt
132 2392 164 2432 se
174 2375 299 2452 quisque
311 2375 367 2448 sit,
381 2375 440 2454 (8)
458 2386 492 2434 ut
507 2373 576 2438 ctlm
588 2393 673 2436 suam
688 2374 784 2433 vicem
796 2373 884 2449 irinc-

89 2473 108 2515 n
134 2462 181 2514 tus
204 2453 308 2515 officio
334 2457 396 2529 sit,
425 2464 583 2536 parentum
604 2454 693 2513 etiam
717 2455 884 2537 patrieque

54 2610 57 2615 Ι
89 2554 108 2595 s>
133 2535 253 2614 expleat
268 2535 463 2596 desiderium.
482 2559 501 2598 s
524 2533 714 2615 Accedebant
732 2534 883 2596 blanditie

41 2626 47 2636 ·
91 2611 225 2676 virorum
246 2615 358 2678 facturn
385 2615 577 2698 purgantium
603 2614 767 2694 cupiditate
793 2627 882 2697 atque

92 2712 221 2756 amore:
245 2715 313 2775 quae
331 2699 461 2771 maxime
489 2695 528 2757 ad
551 2694 697 2757 muliebre
724 2697 882 2777 ingenium

92 2772 232 2836 efficaces
252 2795 359 2858 preces
381 2787 460 2838 sunt.
788 2780 803 2791 “’

125 2904 144 2957 6
159 2903 225 2969 (Aa
235 2904 384 2976 rapiendas
392 2906 473 2976 virgi·
506 2905 884 2977 vicem,suoquisquefunctos

91 2973 159 3038 nes)
177 2972 267 3039 llaptoe
278 2986 342 3025 sunt
355 2974 471 3043 virgines
506 2973 596 3025 officio
608 2976 650 3035 sit,
659 2976 746 3037 idest,
760 2974 819 3028 clun
829 2988 885 3027 suae

92 3040 153 3091 683.
505 3042 616 3111 quisque
635 3041 744 3110 conjugi
765 3058 885 3096 amorem

127 3122 142 3171 7
155 3109 166 3171 l
170 3102 282 3177 Persas
288 3105 471 3179 acfirlemde-
504 3110 664 3176 praestiterit,
674 3126 752 3178 quem
761 3111 803 3160 vir
809 3108 885 3161 uxori

81 3173 186 3240 cepti)
210 3174 323 3241 Decepti
344 3191 390 3243 per
410 3190 472 3241 ape-
504 3175 613 3238 debeat,
627 3177 885 3229 cumulatioremr‘n-

96 3239 353 3309 ciemdivinijuris,
371 3242 473 3295 etreli-
506 3260 583 3312 snper
606 3244 745 3309 impendat
766 3243 885 3295 caritatis

97 3306 158 3373 gion
163 3323 206 3356 um
216 3320 241 3358 et
251 3306 312 3377 lidei
320 3307 473 3376 hospitalia.
506 3311 615 3363 modum
624 3349 631 3375 ,
640 3327 695 3379 quo
706 3309 831 3375 patriacet
858 3326 886 3363 a·

133 3370 209 3437 Μὴ
217 3374 278 3443 elem
287 3394 365 3427 suam
374 3376 472 3443 vicem)
507 3326 885 3441 rentnmamisaorumillissbe·

85 3436 230 3500 -vr,etm
242 3440 474 3495 manaturum
508 3442 759 3510 sideiiumexpleat.
806 3438 810 3455 '

580 3512 764 3591 ¹rl2

288 3662 318 3688 „b
419 3658 452 3687 ”.“
