2016 3780
116 219 390 289 Nannarro
439 215 719 288 XXXVlll.
803 246 843 312 ¹9

102 320 249 383 XXXlll.
272 321 340 383 Jam
364 320 526 398 magnd'ex
547 333 631 404 parte
653 322 756 394 cesis,
776 321 845 383 aliie

62 402 377 480 circumspectantibus
404 399 502 478 fugam
529 445 538 472 ‚
561 403 690 467 Fabiana
707 422 739 460 re
764 402 845 462 acies

62 483 208 559 repente,
229 480 309 544 velut
324 478 399 539 coelo
410 480 554 552 demissa,
577 481 615 541 ad
637 483 782 541 auxilium
797 500 845 539 os-

61 559 163 619 tendit.
198 562 300 639 ltaque
328 561 503 641 priusqubm
530 559 565 620 ad
599 566 765 641 conjectum
790 560 845 620 teli

60 643 195 714 ueniret,
217 652 265 702 aut
281 660 397 700 manum
418 653 607 714 consereret,
628 652 655 700 et
668 661 735 701 suos
747 644 762 701 lt
776 640 845 721 lugd

60 720 175 792 effusi,
200 732 231 782 at
248 721 285 781 ab
300 722 390 780 nimia
402 719 494 781 feroci
512 721 612 802 pugni
628 721 727 780 hortea
747 724 845 781 conti-

31 849 34 853 .
58 802 132 862 nuit.
147 802 208 881 Qui
225 800 329 873 solutio
344 800 496 862 ordinibus
509 803 584 879 vage
600 799 737 880 dissipati
748 812 846 872 erant,

57 882 187 960 undique
216 881 412 961 confugerunt
435 881 470 941 ad
492 882 640 960 integram
658 883 768 954 acienn
793 882 845 960 qui

56 960 156 1042 plures
173 962 261 1021 simul
277 974 359 1040 terga
387 962 548 1035 dederant,
570 962 704 1021 conversi
722 964 753 1020 in
775 961 793 1020 h
815 981 845 1021 s-

57 1051 137 1113 tem,
161 1040 368 1120 volventesque
380 1044 505 1113 orbem,
523 1061 599 1102 nunc
613 1042 720 1105 aenaim
735 1041 795 1099 refe
812 1061 845 1100 re

57 1120 181 1200 pedem,
193 1139 270 1180 nunc
293 1121 460 1200 conglobati
482 1131 601 1182 restare.
621 1123 664 1181 Aa
679 1124 735 1199 jam
749 1121 843 1200 propri

58 1220 114 1260 una
134 1200 213 1259 acies
227 1198 302 1259 facta
321 1213 381 1260 erat
399 1203 471 1261 victi
492 1213 579 1279 atque
597 1202 707 1282 integri
729 1202 845 1260 exerci-

58 1280 128 1351 its,
150 1277 368 1359 inferebantque
383 1282 466 1359 signa
489 1282 517 1338 in
535 1281 652 1340 bostem
665 1308 674 1355 3
689 1284 755 1341 crim
778 1282 844 1340 Ρω-

59 1366 113 1417 nire
129 1360 263 1436 receptui
286 1359 412 1430 cecinit,
430 1357 525 1440 palim
543 1361 654 1420 ferente
679 1360 841 1433 Annibale,

61 1439 99 1498 ab
121 1455 152 1495 ae
183 1437 369 1506 Minucium,
395 1456 427 1517 ce
453 1438 470 1496 b
489 1438 581 1498 Fabio
600 1442 720 1500 victum.

98 1515 245 1579 XXXIV.
269 1513 312 1574 ltl
336 1518 515 1594 perreriam
534 1517 680 1577 fortunam
697 1519 758 1576 diei
784 1539 844 1578 ma·
883 1545 971 1597 Min„

57 1599 121 1678 jore
136 1608 219 1676 parte
235 1595 336 1656 exacti
351 1639 359 1667 ‚
374 1597 441 1654 crim
455 1596 485 1655 in
499 1607 594 1655 castra
604 1597 731 1655 reditum
745 1609 822 1656 earet
833 1602 972 1670 ‚eiusmo-

56 1677 210 1738 Miuucius
231 1677 402 1739 convocatis
423 1675 570 1737 militibus
588 1697 593 1734 :
614 1675 693 1756 Sape’
709 1698 775 1759 ego,
797 1675 972 1772 insuffi-

56 1758 142 1836 quit,
167 1759 282 1828 audiri,
306 1755 441 1829 militm,
467 1779 528 1817 eum
560 1760 680 1837 primum
709 1779 769 1818 eece
802 1739 961 1833 ‘'l-nascit!

56 1858 117 1899 rum
134 1882 143 1911 ,
161 1841 209 1919 qai
225 1841 284 1919 ipae
304 1836 433 1897 consulat
451 1841 519 1918 quid
537 1841 566 1896 in
594 1859 651 1898 rem
670 1840 727 1909 εἰη
748 1859 842 1896 secun·
943 1852 945 1856 '

55 1923 121 1978 dum
142 1939 222 1989 eum,
241 1919 289 1998 qui
316 1913 382 1976 bend
411 1921 535 1979 manenti
560 1921 697 1979 obediat:
719 1921 767 1999 qui
790 1940 840 1977 nee

57 2001 116 2075 ipae
139 1997 306 2066 consulere,
333 2018 382 2056 nec
409 1997 509 2055 alteri*
526 2017 625 2072 parere
656 2000 750 2067 aciat,
778 2018 842 2056 eum

58 2076 182 2134 extremi
220 2077 327 2157 ingenii
357 2096 427 2134 esse.
463 2073 552 2133 Nobis
590 2077 720 2154 quoniam
749 2077 842 2152 prima

57 2155 145 2215 animi
161 2156 320 2232 ingeniique
344 2165 448 2231 negata
469 2175 529 2212 aare
556 2165 620 2225 eat,
644 2156 790 2212 secundam
808 2175 842 2213 aa

57 2237 178 2295 mediam
201 2245 343 2292 teneamus
365 2254 376 2289 .·
403 2245 456 2306 et,
486 2236 551 2292 dam
580 2235 719 2312 imperare
757 2236 842 2293 disci-

57 2335 120 2374 muc
144 2334 273 2394 ‚parere
301 2315 433 2389 prudenti
458 2314 487 2371 in
516 2315 638 2372 unimam
666 2314 839 2376 inducamus.

59 2392 164 2454 Caetra
191 2414 253 2455 cam
289 2391 375 2451 Fabia
404 2378 557 2472 iungamus
579 2415 590 2451 .·
608 2397 649 2474 ad
679 2396 842 2472 pretorium

57 2476 116 2552 eiua
139 2475 221 2551 signa
249 2472 495 2544 crim-tulerimus,
513 2472 561 2532 ubi
580 2495 631 2550 ega
646 2494 707 2545 eum
730 2473 841 2531 Paren-

58 2563 113 2612 tem
142 2552 339 2632 appellavero,
370 2556 443 2632 quod
468 2551 599 2624 beneficio
622 2553 776 2632 ejae·ergd
791 2572 841 2611 nae

56 2654 90 2692 aa
116 2634 264 2712 majestate
291 2636 407 2711 dignum
431 2645 476 2691 est
487 2652 499 2704 ;
525 2655 589 2705 aaa,
607 2631 740 2703 milites,
768 2653 840 2705 eoa,

75 2734 172 2772 uorum
195 2735 241 2772 aas
271 2713 350 2784 modd
377 2733 456 2770 arma
486 2717 665 2792 dexteraque
683 2717 839 2784 texerunt,

55 2736 195 2854 l'atranoa
217 2793 404 2853 salutabitis:
420 2804 468 2864 et,
494 2795 520 2850 ei
536 2790 607 2851 nibil
628 2792 709 2852 aliud
719 2837 728 2863 ‚
738 2805 839 2875 grato-¹

57 2896 115 2933 rum
141 2872 217 2933 certe¹
246 2873 325 2933 nobie
361 2876 516 2931 animarum
544 2871 665 2950 gloriam
694 2877 754 2932 dies
782 2872 839 2931 lraea

56 2958 193 3014 dederit..

96 3031 225 3092 XXXV.
252 3030 344 3106 Signo
366 3029 454 3100 dato,
473 3031 674 3090 conclamatur
693 3028 783 3100 inde,
806 3020 839 3085 ut
862 3033 911 3104 Sat
924 3037 972 3084 im·

57 3112 234 3189 colligantur
248 3129 320 3169 vasa.
334 3109 462 3170 Profecti
484 3123 514 3168 et
529 3113 646 3187 agmine
665 3107 837 3168 incedentes
847 3109 969 3202 'Em

57 3191 92 3251 ad
112 3191 264 3250 dictatoria
282 3200 373 3248 castra
389 3192 421 3247 in
440 3189 664 3250 admirationem
680 3199 709 3246 et
722 3188 836 3264 ipsum,
851 3215 896 3264 pp·

58 3282 89 3331 et
113 3290 214 3331 ornnes
242 3268 293 3346 qui
319 3271 400 3339 ,circi
424 3280 528 3342 eraut,
557 3277 771 3330 converterunt.
799 3266 838 3326 Ut

58 3352 215 3413 constituta
234 3360 300 3410 suut
312 3359 379 3410 ante
392 3347 520 3411 tribunal
538 3349 643 3429 signa,
668 3364 840 3428 progressus
