2016 3780
168 189 231 260 trs,
390 171 719 244 T1r1L1v11

162 277 301 360 producti
315 277 345 337 in
357 278 534 338 concionem
547 277 634 354 legati
646 321 655 351 ,
668 276 701 336 L.
712 274 877 349 Veturius,
894 274 953 336 lit·

163 359 236 418 teris
258 360 417 431 recitatis,
443 361 509 438 ipse
531 358 647 435 planius
669 358 767 416 omnia
792 376 855 435 qnae
884 368 951 419 acta

163 450 246 498 erant
261 441 417 519 exposuit,
433 460 500 500 cum
515 436 627 515 ingemi
641 456 778 511 assensu,
793 440 952 517 postremo

163 523 253 579 etiam
276 522 406 579 clamore
429 521 571 578 universe
593 519 771 592 concionis,
801 519 873 577 crim
899 520 952 579 vix

163 600 302 678 gaudium
321 599 426 658 animis
444 608 593 679 caperent.
786 610 790 615 ·

113 739 116 746 ,
203 677 321 740 XXXI.
337 679 510 739 Discursum
524 677 594 736 inde
606 674 644 737 ab'
658 675 725 736 aliis
740 675 820 737 circi
834 677 952 759 templa

69 1721 147 1782 Caput

36 1779 131 1828 Asdru-

36 1837 155 1904 bolispro·

35 1911 120 1960 Jectrurr

38 1970 94 2005 ante
103 1975 156 2004 cas-

39 2028 76 2063 “a
100 2021 155 2064 All·

39 2076 134 2128 nitelis.

163 758 274 832 desim,
291 770 323 817 ut
336 770 434 837 grates
454 769 598 838 agerent,
615 758 652 818 ab
669 757 736 817 aliis
754 759 861 818 domos
879 803 890 832 ,
918 770 953 819 ut

162 840 339 919 coniugibus
357 840 516 920 liberisque
538 851 596 898 tam
616 836 720 898 laetum
732 841 875 898 nuncium
893 840 956 899 irn-

162 923 319 1000 pertireut.
341 921 465 980 Senatus
478 965 487 989 ,
500 917 578 1000 quod
591 919 632 980 M.
644 918 747 979 Livius
759 933 788 979 et
804 921 839 980 C.
859 920 955 982 Clau-

163 1001 230 1059 dius
249 999 404 1072 consules,
428 999 571 1060 incolumi
589 1001 720 1060 exercitu
732 1044 742 1072 ‚
756 999 862 1059 ducem
880 1001 954 1061 hos·

163 1074 236 1140 tium
257 1079 448 1159 legionesque
470 1078 669 1152 occidissent,
694 1081 954 1159 supplicationem

165 1161 200 1223 in
217 1160 346 1220 triduum
365 1162 507 1220 decrevit.
544 1162 617 1221 Eam
639 1160 891 1242 supplicationem
916 1162 954 1225 C.

163 1241 312 1300 Hostilius
322 1252 430 1320 praetor
440 1261 494 1322 pro
504 1242 649 1301 concione
660 1241 752 1299 edixit
763 1285 771 1313 ,
787 1240 955 1301 celebrata·¹

164 1341 223 1403 que
239 1321 255 1379 b
272 1322 343 1380 viris
359 1321 535 1400 feminisque
547 1332 600 1382 est.
619 1323 815 1398 (11)·Statum
834 1340 957 1401 quoque

164 1402 296 1461 civitatis
313 1421 347 1461 ea
364 1400 488 1461 victoria
506 1404 598 1462 morit
615 1422 622 1460 ε
640 1412 672 1461 ut
693 1404 751 1480 jam
777 1402 848 1460 inde
876 1401 957 1462 haud

165 1486 250 1540 secus
271 1484 357 1560 qnlm
377 1483 408 1539 iu
429 1480 521 1561 pace,
541 1501 589 1542 res
605 1483 683 1541 inter
702 1501 732 1542 ee
755 1484 956 1559 contrahere,

164 1561 344 1635 vendendo,
369 1562 518 1641 emendo,
541 1573 675 1622 mutuum
700 1562 818 1636 dand0‚
843 1584 957 1643 argen-
992 1630 995 1634 ,

165 1642 393 1707 tumoreditum
412 1642 569 1716 solvend0,
590 1642 740 1702 auderent.
784 1648 790 1659 ’
878 1657 882 1665 ·
949 1712 953 1719 ¹

205 1723 336 1784 XXXII.
372 1723 406 1784 C.
426 1722 569 1784 Claudius
590 1722 692 1782 consul
714 1724 783 1781 crim
804 1727 835 1781 tn
860 1735 959 1785 castra

166 1801 305 1873 redisset,
319 1814 408 1883 caput
419 1802 615 1873 Asdrubalis,
634 1801 711 1879 quod
722 1815 872 1863 servatum
887 1824 959 1865 curn

163 1902 235 1941 eura
251 1883 408 1952 attulerat,
428 1883 536 1962 projici
552 1884 622 1942 ante
640 1882 769 1942 hostiurn
787 1884 959 1957 stationes,

167 1964 356 2042 captivosque
372 1961 458 2023 Afros
478 1962 615 2034 vinctos,
636 1973 670 2020 ut
687 1975 791 2035 erant,
810 1966 958 2043 ostendi,

166 2042 238 2103 duos
255 2045 344 2104 etiam
360 2042 451 2106 exile
468 2043 579 2103 solutos
598 2043 643 2102 ire
658 2043 693 2102 ad
708 2044 908 2119 Annibalem,
926 2048 959 2105 et

166 2142 343 2204 expromere
373 2144 436 2203 que
462 2134 667 2195 amassent,
692 2125 788 2204 jussit.
826 2127 956 2187 Annibal

167 2215 249 2264 tanto
268 2203 356 2264 simul
369 2203 493 2284 publico
514 2202 722 2284 familiarique¹
741 2207 819 2263 ictus
844 2198 955 2283 tucru',

167 2308 318 2366 agnoscere
353 2306 383 2343 se
418 2289 567 2357 fortunam
598 2286 781 2363 Carthaginis
808 2330 816 2357 ‚
861 2288 958 2349 fertur

168 2367 281 2426 dixisse
294 2386 302 2423 ·.
315 2363 477 2440 castrisque
489 2362 555 2420 inde
569 2367 657 2423 motis
672 2409 681 2437 ,
703 2375 735 2423 ut
755 2368 859 2426 omnia
871 2370 958 2429 auxi-

166 2445 228 2516 lia,
253 2464 317 2523 qnae
337 2441 445 2501 diffusa
468 2441 557 2501 Iatibs
579 2447 658 2502 tueri
671 2456 742 2501 'non
761 2459 901 2524 poterat,
928 2451 958 2509 in

168 2537 333 2585 extremum
360 2522 451 2583 ltaliae
468 2521 606 2598 angulum
632 2520 765 2583 Bruttios
794 2531 957 2590 contrahe-

168 2617 235 2679 ret,
268 2617 299 2664 et
320 2601 565 2684 Metapontinos,
589 2604 741 2664 civitatem
765 2606 957 2687 uniuersam,

168 2682 282 2745 excitos
294 2683 413 2744 sedibus
425 2685 504 2755 suis,
519 2695 549 2741 et
566 2684 749 2744 Lucanorum
763 2686 813 2762 qui
832 2706 898 2748 suae
915 2691 958 2751 di.

169 2765 260 2827 tionis
272 2773 375 2835 erant,
393 2764 425 2820 in
440 2762 589 2823 Bruttium
603 2785 705 2842 agrum
721 2764 859 2826 traduxit.

215 2841 363 2907 XXXIII.
396 2836 541 2903 Extremo
566 2845 674 2904 aestatis
699 2846 798 2904 Patres
826 2867 886 2905 non
913 2850 954 2910 M.

166 2922 290 2988 Livium
312 2924 424 2982 tantiam
440 2922 537 2982 redire
553 2923 586 2982 ad
601 2925 722 2997 urbem,
739 2925 790 2984 sed
806 2927 956 3007 collegam

171 3025 287 3085 quoque
309 3004 373 3080 ejus
396 3004 429 3064 C.
451 3003 607 3063 Claudium
629 3007 785 3079 iusserunt.
808 3005 839 3064 ld
864 3010 958 3072 modo

166 3088 204 3148 'in
218 3085 337 3145 decreto
356 3081 509 3156 interfuit,
532 3082 608 3163 quod
629 3084 670 3144 M.
694 3083 774 3144 Livii
787 3091 957 3154 exercitum

186 3192 235 3266 ,H
262 3215 420 3281 (Statum...
446 3212 546 3266 civita·
578 3215 668 3266 vitate.
687 3215 748 3269 Hoc
766 3217 859 3269 eodem
880 3237 955 3274 anno

172 3284 239 3351 tis...
259 3282 359 3347 mouit)
373 3283 488 3333 Mutavit
498 3298 542 3348 pe·
577 3298 701 3333 nummus
723 3300 813 3334 aureus
834 3286 954 3350 prinnina

170 3350 297 3417 Ιειιιιὶιιὶιι
314 3349 351 3401 rel
360 3361 456 3404 statum
465 3349 494 3405 in
505 3350 545 3402 ci·
577 3350 670 3407 Romae
681 3365 817 3421 percussus
829 3365 880 3408 est.
