2016 3780
269 227 542 297 Nasutum
588 219 632 290 L.
774 224 834 290 161

56 331 231 399 Asdrubalis
243 343 272 391 st
283 329 426 412 Syphacis
436 327 580 398 adventu,
598 324 650 403 qui
664 321 757 404 proph
771 336 840 382 cum

57 428 176 478 centum
191 408 329 479 ‚millibus
344 421 526 470 armatorum
539 415 687 464 venerant.
710 403 841 464 Instante

56 499 119 578 jam
138 495 237 554 hieme
254 500 347 551 castra
360 488 482 548 hiberna
496 485 701 577 communivit.
722 482 791 544 llaec
808 484 840 541 iu

56 577 155 636 Africi
172 570 309 652 usquead
324 579 488 630 extremum
504 577 635 627 autumni
648 573 740 642 gesta.

59 741 837 790 W

183 900 591 973 N-ARRATIO
638 899 713 968 Ll.

57 1104 228 1182 Secunda
241 1103 429 1207 Scipionis
443 1100 633 1204 expeditio
649 1101 687 1174 in
698 1098 841 1174 Africa.

109 1260 233 1386 Castra
274 1307 492 1388 Asdrubalis
533 1321 571 1382 et
608 1303 792 1409 Syphacis

357 1429 540 1506 incendit.

57 1640 832 1667 ...-.-..-.-....-..--

14 1786 18 1793 ·
66 1761 280 1816 'Hibernacula
304 1757 597 1832 Carthaginiensium,
626 1759 724 1880 lignea
744 1757 972 1848 fermeugm·

41 1840 112 1880 tota
129 1841 216 1880 erant.
239 1827 373 1882 Numidae
384 1829 490 1897 passim
500 1827 649 1881 hibernacu
662 1829 688 1882 is
706 1827 841 1880 arundine
854 1825 971 1909 2:033,

56 1893 142 1945 textis
153 1892 327 1961 habitabant:
337 1891 398 1947 hac
411 1895 502 1947 relata
513 1893 641 1963 Scipioni
648 1911 722 1964 spem
725 1891 842 1965 faciunt

56 1970 149 2009 castra
162 1956 280 2010 hostium
288 1976 339 2025 per
349 1960 523 2011 occasionem
544 1960 719 2013 incendendi.
743 1963 841 2030 Itaque

55 2021 168 2083 missis,
182 2026 276 2091 specie
289 2023 404 2101 quidem
421 2023 544 2092 legatis,
564 2027 614 2094 qui
627 2027 661 2078 de
667 2042 739 2101 pace
753 2042 842 2098 agere

56 2087 235 2154 simularent,
255 2089 350 2155 reipsa⁴
366 2087 603 2154 exploratoribus,
622 2109 671 2158 qut
688 2103 842 2144 castrorum

56 2151 173 2218 ferinam
184 2151 325 2222 situmque
337 2151 554 2220 specularentur,
568 2154 632 2206 dum
642 2173 687 2207 res
698 2157 824 2226 agitatur
832 2197 854 2229 ,l

55 2233 84 2272 et
99 2218 253 2272 consulitur
271 2217 413 2271 Asdrubal
425 2218 459 2271 ab
472 2216 617 2289 Syphace,
638 2220 672 2272 ab
683 2222 842 2275 Asdrubale

55 2297 169 2339 senatus
191 2281 455 2363 Carthaginiensis,
475 2286 662 2355 speculatores
685 2289 777 2340 ornnia
801 2288 843 2341 νὴ

55 2352 156 2410 senili.
178 2363 205 2400 et
224 2350 319 2416 Scipio
338 2349 376 2402 ad
393 2352 575 2429 comparanda
597 2372 632 2405 ea
649 2371 712 2422 quae
732 2353 762 2406 in
783 2372 842 2406 rem

55 2431 136 2471 erant
152 2428 256 2484 tenipus
272 2414 375 2468 habuit.
401 2417 511 2471 Deinde
527 2419 615 2472 Laelio
627 2433 653 2471 et
666 2419 839 2488 Masinissa‘,

55 2498 148 2536 eastra
162 2481 300 2551 Syphacis
312 2482 390 2548 priiss
404 2482 534 2541 inuadere
546 2484 655 2554 jussis,
672 2485 731 2554 ipse
748 2501 841 2541 castra

54 2549 225 2610 Asdrubalis
241 2547 417 2619 aggreditur.
433 2549 550 2621 Ignibus
562 2551 690 2623 utrinque
703 2553 733 2605 in
742 2555 840 2623 prosti-

55 2634 102 2667 ma
122 2628 192 2667 tecta
215 2614 365 2685 corasectis,
385 2618 472 2684 effusa
488 2614 603 2682 flarinna
622 2618 729 2685 primb,
753 2620 840 2675 veluti

54 2699 152 2748 sparsa
164 2679 290 2748 pluribus
307 2681 379 2734 locis
399 2682 504 2733 reluxit
524 2702 535 2733 .·
556 2682 621 2734 dein
637 2702 688 2748 per
708 2685 839 2739 continua

53 2764 183 2817 serpens,
196 2766 250 2800 uno
264 2748 375 2818 repenti
389 2746 481 2801 omnia
495 2747 624 2802 incendio
637 2748 738 2804 hausit.

55 2907 194 3037 Anno
221 2960 380 3040 sequenti,
411 2961 462 3040 qui
488 2972 586 3023 sextus
608 2963 742 3026 decimus
762 2965 844 3028 belli

54 3042 159 3101 Punici
173 3052 256 3111 erat,
274 3043 437 3120 provinciis
449 3042 593 3116 decretis,
608 3047 756 3125 sacrisque
767 3066 837 3126 per-

55 3121 149 3191 actis,
167 3121 300 3180 consules
314 3135 512 3201 pretoresque
534 3124 563 3180 in
580 3125 749 3204 provincias
767 3146 837 3206 pro-

53 3200 137 3261 iecti.
172 3199 319 3260 Omnibus
345 3214 464 3273 tamen,
498 3202 577 3260 velut
600 3223 665 3263 eam
695 3207 834 3281 sortitis,

54 3280 161 3340 Africa
177 3299 246 3339 cura
265 3292 326 3340 erat
343 3300 350 3339 :
369 3300 419 3339 seu
437 3281 506 3358 quia
520 3282 563 3340 ibi
577 3301 719 3344 summam
736 3305 835 3345 rerum

55 3356 182 3442 bellique
202 3361 277 3420 verti
300 3360 481 3436 cernebant,
498 3379 550 3423 seu
572 3375 603 3430 ut
616 3365 752 3448 Scipioni
766 3384 836 3445 gra„

799 3512 805 3529 ‚
879 3418 943 3544 Ι
