2016 3780
182 197 246 273 148
407 189 533 261 Trsr
578 194 734 267 L1v11

181 303 249 359 deos
267 317 326 354 esse
350 295 563 375 superbissimus
587 320 663 370 rex,
683 302 834 379 pecuniam
857 325 969 369 omnem

181 379 364 458 conquisitam
377 379 405 434 in
420 377 563 438 thesauros
575 379 745 458 Proserpina
756 385 861 450 referri
868 387 968 463 jussit.

181 458 242 519 Nec
261 470 354 519 tamen
368 456 412 514 illi
427 479 546 537 unquam
560 459 657 534 posteri
669 465 796 539 prosperi
814 467 969 545 quicquain

182 542 272 602 evenit
294 561 304 599 r
329 540 480 618 pulsusque
503 538 614 610 Italici,
639 538 761 621 ignobili
782 553 873 623 atque
892 547 969 605 infin

149 640 153 649 ·
181 621 260 680 nostri
287 631 403 690 morte,
434 617 536 681 temeri
566 631 645 681 nocta
674 623 819 700 ingressus
849 625 970 705 Argos,

180 701 314 762 occubuit.

221 781 276 844 ΧΙ.
301 781 370 842 Hac
384 780 449 843 'cim
467 783 591 841 audisset
610 778 725 861 legatus
744 794 856 856 uester,
880 784 971 844 tribu.

181 866 264 944 nique
285 863 423 936 miiitum,
442 876 471 924 et
487 861 566 921 mille
589 859 668 930 alia,
690 882 749 940 qun
761 885 817 923 non
831 871 971 943 augenda

181 947 329 1022 religionis
348 944 432 1002 causei
445 987 453 1015 ,
474 946 524 1003 sed
532 944 680 1020 presentis
695 946 756 1000 den
769 945 887 1004 nurnine
900 949 971 1026 sapl

180 1036 321 1105 comperta
336 1023 415 1083 nobis
427 1021 630 1100 majoribusque
650 1024 777 1093 nostris,
805 1024 969 1095 refereban.

180 1117 229 1168 tur
245 1128 255 1181 ;
276 1106 340 1165 ausi
362 1116 428 1164 sunt
447 1103 622 1164 nibilominics
641 1100 799 1178 sacrilegas
823 1110 969 1169 admouere

180 1206 281 1245 manus
291 1187 405 1244 intactis
417 1183 477 1241 illis
498 1183 656 1250 thesauris,
681 1192 710 1240 et
732 1186 862 1256 nefandi
877 1186 968 1264 prada*

180 1269 306 1343 seipsos,
331 1285 365 1323 ac
383 1267 480 1323 aomos
495 1264 684 1322 contaminare
704 1280 793 1334 suas,
818 1275 850 1324 et
865 1265 967 1326 milites

180 1356 295 1404 uestros.
317 1341 423 1421 Quibus
439 1344 506 1419 (11)
526 1364 595 1422 per,
622 1363 691 1414 nas,
712 1341 806 1414 fidem
826 1357 965 1416 vestram,

179 1423 284 1486 Patres
309 1421 487 1504 conscripti,
508 1421 670 1503 priusqucirn
688 1441 781 1480 eorum
805 1425 904 1485 scelus
918 1447 967 1484 ex·

176 1507 289 1589 pistis,
311 1526 398 1584 neque
419 1505 448 1562 in
468 1501 578 1575 ltalia,
605 1523 691 1581 neque
717 1503 745 1561 in
767 1503 872 1574 Africi
894 1508 965 1587 quic·

180 1608 265 1667 quam
293 1589 332 1644 rei
357 1585 504 1663 gesseritis
518 1603 530 1654 ;
564 1580 598 1642 ni
625 1585 698 1662 quad
721 1582 873 1661 piaculum
897 1606 965 1645 conr·

179 1670 336 1736 miserunt,
369 1687 420 1722 non
447 1685 496 1722 suo
517 1661 602 1723 solicm
625 1665 782 1740 sanguine,
808 1669 863 1724 sed
885 1669 964 1725 etiarn

177 1747 291 1826 publico
313 1745 395 1809 clade
423 1743 512 1802 luant.
547 1744 710 1822 Quanquam
738 1739 772 1801 nb
796 1766 875 1805 nunc
907 1749 964 1826 qui-

179 1829 265 1894 dem,
294 1824 400 1882 Patres
426 1821 608 1901 Conscripti,
631 1834 681 1883 aut
704 1824 731 1880 in
754 1823 898 1898 ducibus,
920 1835 966 1884 aut

178 1907 208 1965 in
231 1901 370 1963 militibus
394 1906 492 1965 vestris
514 1913 606 1967 cessat
634 1903 676 1979 ira
707 1905 775 1963 dea.
807 1903 966 1985 Aliquoties

175 1988 235 2067 jam
259 1985 331 2043 inter
351 2003 380 2041 se
401 1983 490 2058 signis
514 1980 626 2059 collatis
648 1982 857 2059 concurrerunt.
893 1986 965 2049 Dun

177 2064 297 2124 alterius
315 2065 407 2144 partis
429 2062 605 2134 Pleminius,
631 2060 750 2124 alterius
777 2066 834 2123 duo
862 2064 964 2124 tribuni

175 2144 301 2207 militurn
324 2156 405 2203 erant
430 2166 440 2201 .·
463 2166 515 2205 non
539 2147 629 2202 acriis
654 2163 715 2199 cum
740 2138 962 2226 Carthaginien-

176 2225 279 2296 sibus,
309 2226 391 2305 quam
417 2226 490 2283 inter
515 2246 544 2282 se
570 2225 625 2303 ipsi
643 2225 722 2295 ferro
747 2224 959 2287 dimicaverunt.

175 2304 418 2382 Praebnissentque
434 2307 624 2375 occasionem,
642 2305 739 2371 furore
759 2323 839 2376 suo,
866 2306 961 2366 locros

175 2385 328 2460 recipiendi
350 2382 485 2461 Annibali
495 2386 560 2460 „ni
578 2385 684 2455 accitus
704 2381 740 2441 ab
764 2380 849 2444 nobis
871 2388 960 2469 Scipio

175 2465 359 2535 interfuisset.

215 2554 286 2618 ΧΗ.
312 2555 373 2626 At,
397 2550 528 2624 herculi,
552 2553 656 2613 milites
678 2566 823 2617 contactos
845 2556 957 2621 sacrile-

174 2639 223 2720 gio
233 2641 317 2710 furor
332 2637 428 2715 agitat
444 2658 454 2691 .·
475 2639 503 2693 in
517 2634 631 2701 ducibus
651 2637 718 2714 ipsis
729 2640 885 2715 puniendis
897 2638 950 2701 nul·

176 2719 234 2777 lum
253 2721 310 2778 dea
328 2736 427 2772 numen
447 2718 587 2794 apparuit.
612 2713 670 2774 Imb
693 2714 732 2774 ibi
748 2737 881 2794 presens
899 2740 950 2781 nra·

174 2791 254 2858 ,siml
273 2795 344 2864 fuit.
370 2793 468 2872 Virgis
488 2798 552 2855 casi
578 2798 682 2859 tribuni
703 2792 739 2861 ab
761 2795 864 2875 legato
886 2811 951 2865 sunt.

172 2875 303 2959 Legatos
325 2876 424 2934 deinde
446 2878 555 2940 insidiis
577 2875 746 2936 tribunorum
767 2880 951 2962 interceptus,

170 2950 358 3041 preterqucim
380 2955 451 3034 qubd
477 2968 535 3014 toto
556 2979 667 3037 corpore
694 2955 866 3034 laceratus,
891 2981 953 3021 naso

85 3027 92 3037 ’
172 3056 280 3119 quoque
291 3033 458 3114 auribusque
469 3039 587 3109 decisis,
601 3040 755 3114 exsanguis
771 3050 816 3097 est
829 3044 952 3102 relictus.

98 3176 103 3185 ·
156 3172 159 3177 '
208 3144 546 3230 11(‘Per‚vos‚fidem
578 3162 641 3230 quid
662 3161 737 3212 vobis
750 3164 954 3221 sanctissimum

174 3228 310 3292 nostram)
326 3225 473 3297 Persidem
486 3245 545 3279 ves·
579 3242 617 3279 est
628 3238 643 3289 ,¹
652 3245 687 3280 ne
704 3230 737 3280 iis
753 3231 888 3286 militibus
899 3249 954 3286 uta.

173 3306 244 3357 tram
265 3313 331 3354 uos,
349 3296 462 3359 supple,
491 3311 545 3353 orn·
577 3296 645 3347 mini
660 3295 692 3346 ad
703 3313 742 3347 ros
752 3299 848 3350 sivein
862 3302 952 3371 tntis,

54 3376 152 3566 ι
170 3362 545 3445 timpVosoramusperquid-
578 3362 672 3429 sivein
682 3362 773 3443 Africa
781 3370 924 3438 gerendas,
