2016 3780
142 219 228 341 136Ι
366 260 709 336 'I'1uaL1r11

179 370 264 435 xlv.
285 370 340 432 Sea
354 373 420 457 (ιο)
434 369 585 428 multitudo
605 368 716 435 omnis,
738 366 816 423 sicut
829 377 939 426 notura

139 457 246 524 moris,
259 473 309 531 per
320 473 350 509 se
363 448 514 509 immobilis
529 460 592 519 est,
609 449 682 504 venti
699 456 729 519 ot
742 467 819 502 ouroe
835 450 938 527 cientj

141 535 182 592 ito
196 546 246 592 aut
263 530 469 609 tranquillum,
489 541 540 587 out
559 526 690 606 procella
707 528 734 583 in
749 524 830 583 uobis
843 539 937 586 sunt:

140 625 170 671 et
185 633 268 670 causo
282 622 370 690 ,atque
386 614 464 688 origo
480 609 568 667 omnis
580 610 688 676 furoris
697 626 785 685 penes
799 619 939 667 auctores

140 704 205 762 est;
225 713 271 749 vos
287 694 453 770 contagione
467 690 621 747 insanistis.

179 771 247 834 XV·
285 771 353 848 (11)
382 772 437 850 Qui
465 768 533 828 mihi
555 787 589 825 ne
614 766 693 824 hodie
716 767 834 845 quidem
863 770 939 829 scire

139 852 298 922 videmini,
328 873 380 931 quo
410 851 539 909 amentio
570 846 713 927 progressi
736 848 803 905 sitis
816 868 829 918 ;
867 853 940 929 quid

134 933 272 1006 facinoris
298 933 327 989 in
353 952 418 1003 rne,
445 933 512 1009 quid
534 930 561 984 in
587 929 711 1005 putrium
736 939 938 1009 parentesque

139 1034 173 1073 oc
197 1010 299 1070 liberos
330 1022 460 1080 uestros,
488 1009 555 1089 qaid
581 1009 609 1064 in
629 1009 721 1076 deos,
756 1011 939 1068 sacramenti

139 1104 227 1154 testes
239 1117 257 1163 ,¹
268 1095 336 1171 quid
350 1092 478 1150 aduersis
494 1088 641 1166 auspicio,
662 1089 713 1144 sub
728 1085 837 1164 quibus
855 1089 937 1148 mili.

139 1177 226 1244 tutis,
249 1174 316 1252 quid
336 1173 464 1235 adversis
481 1189 583 1226 rnorem
601 1165 710 1224 militiae
731 1168 938 1246 disciplinam-

80 1304 83 1309 .
139 1248 192 1334 que
215 1254 369 1323 majorum,
385 1252 454 1330 quid
473 1250 602 1308 aduersis
617 1248 718 1304 sumini
733 1247 852 1326 imperii
871 1273 936 1309 rna-

135 1337 267 1410 jestotern
283 1332 347 1388 ausi
369 1332 443 1388 sitis.
470 1328 518 1395 De
541 1349 585 1386 me
608 1329 667 1406 ipso
691 1339 781 1386 taceo.
815 1328 936 1390 Tamari

136 1414 251 1493 potiris,
280 1408 361 1490 quim
386 1398 475 1468 ovidi'
491 1410 674 1468 credideritis.
712 1405 849 1487 Denique
881 1432 944 1488 ego,

139 1495 214 1563 sim,
242 1494 318 1570 cujus
340 1493 451 1571 imperii
471 1495 574 1550 tudere
598 1488 782 1558 exercitum,
813 1489 936 1550 minimi

138 1575 296 1637 mifondurn
317 1573 364 1630 sit.
400 1573 501 1630 Patrio
521 1559 589 1652 quid
610 1571 644 1625 de
661 1565 736 1625 vobis
759 1583 934 1643 meruerat,

118 1675 247 1734 aquam,
278 1673 339 1710 curn
365 1651 519 1712 Mandonio
542 1661 571 1708 et
598 1645 712 1706 ludibili
739 1652 933 1710 consociando

139 1734 256 1792 oonsilio
274 1729 437 1811 prodebatis
458 1733 474 1787 2
513 1731 587 1809 Quid
608 1725 728 1806 populus
756 1727 932 1803 Romanus,

138 1817 197 1871 curu
213 1815 359 1890 imperium
379 1810 506 1870 oblatum
528 1809 596 1887 (12)
616 1805 651 1864 ob
670 1805 791 1869 tribunis
814 1815 936 1880 suffra.

174 1930 204 1963 ιο
222 1910 391 1976 (Multitudo
403 1911 510 1976 onmis)
545 1909 660 1975 fuerint,
681 1921 708 1959 et
718 1908 842 1961 absoluta
855 1930 935 1964 com·

137 1981 228 2035 Possis
240 1978 398 2044 distinguere
412 1978 512 2030 Multi-
545 1977 683 2044 paratione
713 1993 785 2028 nova
809 1977 933 2046 incipiat

139 2047 203 2100 tudo
220 2044 308 2098 ononis
326 2043 398 2097 sicut
416 2057 512 2096 notura
566 2045 677 2110 eriodus,
686 2060 791 2108 prorsus
803 2049 932 2113 quasini·

137 2111 224 2166 rororis
234 2133 244 2170 ,¹
254 2130 304 2179 per
319 2130 349 2163 se
362 2110 512 2164 immobilis
546 2064 585 2163 ΕΗ
596 2114 766 2178 praecesserit.
782 2111 821 2162 Ut
835 2128 867 2164 ut
877 2117 913 2166 sit
921 2153 930 2181 ,

138 2192 197 2241 est,
209 2181 305 2245 nompo
316 2191 407 2230 natura
418 2179 511 2240 maris,
546 2180 591 2231 hic
605 2191 645 2229 est
656 2177 734 2244 hujus
749 2177 804 2228 loci
821 2195 929 2233 sensus.

139 2248 213 2299 venti
223 2260 250 2298 et
260 2263 337 2297 ourae
354 2245 429 2297 cient
441 2264 452 2303 ,’
472 2245 513 2297 ita
546 2247 646 2297 Eadem
655 2259 694 2296 est
701 2246 768 2295 ratio
779 2247 931 2300 multitudi-

138 2327 186 2365 αυτ
219 2311 428 2379 tranquillum,
466 2324 513 2362 aut
546 2311 760 2380 niscujuslibet‚
782 2329 814 2364 ac
835 2318 928 2368 maris.

135 2378 269 2447 proceilae
295 2377 324 2429 in
346 2377 421 2428 vobis
440 2389 510 2427 sunt.
546 2380 930 2445 Mareperseipsumetnaturi

139 2443 348 2509 Hocexpeditius
354 2443 511 2510 quidemst,
545 2445 735 2509 suiimmobile
745 2459 798 2511 est,
809 2465 863 2500 nec
872 2450 927 2518 agi.

138 2509 512 2626 aedredoletpinguequiddam
546 2525 630 2578 tatur,
644 2514 698 2562 nisi
708 2511 768 2564 cium
776 2517 850 2565 venti
859 2517 928 2569 illud

137 2578 208 2646 quod
232 2576 334 2627 erudito
356 2593 387 2642 pa
400 2580 443 2627 a'to
467 2576 512 2627 vix
545 2592 572 2630 et
581 2580 736 2632 auraecient.
748 2579 788 2631 Ita
800 2596 844 2633 aut
856 2597 928 2637 tran-

137 2648 230 2712 sapiat.
240 2645 324 2712 Magis
332 2645 446 2697 inclinat
455 2660 513 2695 sen·
534 2648 658 2717 ·quillum
677 2649 707 2698 in
726 2648 800 2698 vobis
821 2663 882 2710 est,
904 2652 927 2704 si

137 2714 220 2763 tentia
231 2712 358 2762 audacem
366 2712 411 2762 hic
419 2729 512 2778 agnos·
545 2715 621 2767 vobis
632 2716 697 2781 ipsis
708 2717 829 2780 permissi
844 2717 928 2770 sueri·

137 2795 195 2829 cere
205 2777 330 2844 loquendi
338 2775 512 2845 figurationum
546 2782 579 2833 tis
592 2803 598 2831 ι
615 2795 660 2833 aut
670 2781 806 2848 procellae,
820 2784 842 2834 si
855 2787 928 2837 aedi-

136 2845 229 2910 spretis
248 2841 398 2910 vulgaribus
415 2843 512 2895 Gram-
544 2850 606 2899 tiosi
615 2848 752 2912 homines,
765 2849 839 2901 velut
849 2853 926 2904 venti

136 2912 243 2962 maticae
264 2910 382 2978 legibus,
404 2926 510 2962 sensum
544 2917 925 2984 quidamnoscommoveriut.

137 2980 232 3045 exipsa
244 2977 289 3028 illa
300 2977 403 3045 abrupti
413 2995 511 3029 sermo·
580 2999 606 3031 ιι
619 2982 690 3053 (Qui
695 2978 765 3034 milri
772 3016 775 3025 ·
787 2984 925 3037 insanisse

136 3047 179 3096 nis
199 3045 330 3096 anomalia
354 3044 510 3094 vividiorem
545 3065 591 3098 vos
601 3050 722 3100 dicornec
733 3048 925 3104 inclementius

137 3126 163 3162 ot
176 3112 381 3179 splendidiorem
403 3110 509 3163 efficiat.
545 3113 673 3166 'ustohoc
682 3115 790 3166 verbum
799 3132 846 3180 est,
860 3119 924 3172 ciun

137 3181 269 3233 Videntur
280 3180 357 3246 igitur
367 3177 419 3231 illae
431 3197 510 3231 voces
543 3131 623 3232 iuodie
632 3200 735 3250 quoque
744 3185 863 3251 ignorare
873 3189 925 3238 mi-

137 3247 282 3300 mulritudo
293 3248 381 3300 omnis
391 3246 510 3313 pendulo
544 3248 572 3300 hi
587 3250 729 3302 videamini
743 3290 748 3314 ,
763 3249 815 3329 qui)
828 3270 925 3306 amen-

138 3315 332 3381 quodammodo
350 3330 509 3366 remaneres
543 3318 587 3368 tiae
599 3319 728 3386 progressi
739 3319 806 3368 sins.
856 3339 858 3344 ·

137 3380 512 3448 itautobinterpositamsimi-
580 3401 609 3434 ια
631 3382 700 3450 (An
721 3381 837 3435 trr'bunis
859 3386 924 3447 suf-

136 3444 510 3519 litudinemneglectaeahivio
536 3449 641 3526 fragia
667 3450 764 3521 popuii
787 3445 921 3521 crean's')
