2016 3780
185 184 249 262 174
400 172 534 243 Trrr
578 174 741 245 Lrvrt

180 296 255 337 cano
270 275 435 349 exercitum
453 277 489 336 ad
503 277 639 339 Clusium
660 277 860 351 admoveant,
885 296 966 339 sum·

79 382 158 409 -.a
180 356 287 435 mirque
303 357 331 415 vi
347 354 420 417 fines
433 357 563 418 hostium
571 358 806 438 depopulentur,
819 359 964 419 scribunt.
992 380 1000 391 ·

180 439 274 514 Hujus
288 437 489 518 populationis
501 435 575 501 fama
591 438 730 498 Etruscos
746 459 784 498 er
799 458 875 516 agro
887 439 964 498 Sen-

179 519 271 576 tinate
296 516 332 574 ad
354 535 422 576 suos
449 515 526 576 lines
560 517 684 578 tuendos
715 520 818 578 morit.
849 518 962 577 Instare

176 596 248 656 inde
267 595 402 656 consules
429 640 438 668 ‚
467 609 497 654 ut
516 597 686 657 absentibus
706 599 747 658 iis
773 609 962 680 pugnaretur.

176 675 233 734 Per
252 675 370 735 biduum
388 677 544 738 lacessilre
572 677 675 758 praelio
698 679 841 738 hostem:
868 678 959 739 biduo

175 755 253 815 nihil
276 756 400 834 dignum
418 756 500 816 dictu
514 769 623 817 actum.
640 759 729 819 Pauci
754 759 894 839 utrinque
914 778 961 819 ce·

175 833 276 895 cidlre
299 858 305 895 :
323 839 476 917 magisque
488 838 595 896 irritati
608 837 720 898 suntad
737 844 847 920 justum
863 849 960 900 certa·

172 933 242 975 men
258 917 353 976 animi
367 962 377 990 ‚
395 920 482 997 quim
502 916 539 978 ad
555 918 840 980 discrimensumma
857 941 957 983 rerum

173 994 307 1058 adducta.
324 997 429 1058 Tertio
440 998 489 1058 die
508 996 680 1059 descensum
693 1000 726 1059 in
744 1018 883 1080 campum
895 1021 957 1061 om·

171 1075 260 1147 nibus
275 1078 371 1156 copiis
383 1090 438 1138 est.

38 1163 157 1218 Pretium
212 1154 264 1222 lv.
278 1155 397 1231 Dextro
410 1176 501 1218 cornu
523 1156 608 1220 Galli
633 1201 642 1230 ,
672 1155 793 1217 sinistro
811 1157 957 1222 Samnites

38 1240 110 1334 ‘0¹‘an
147 1239 376 1335 ‘constiterunt
411 1237 556 1300 adversus
584 1238 731 1298 Samnites
758 1236 866 1299 Fabius
895 1243 957 1320 pri·

38 1303 147 1396 amis}
171 1334 249 1385 mam
275 1335 310 1387 ac
327 1317 444 1383 tertiam
465 1316 621 1396 legiones,
648 1334 703 1397 pro
718 1315 823 1379 dextro
838 1338 958 1395 cornua

34 1401 88 1456 to.
169 1395 306 1459 adversis
320 1397 424 1464 Gallos
440 1444 449 1471 ‚
469 1417 524 1480 pro
540 1397 681 1469 sinistro,
697 1396 811 1461 Decius
821 1400 957 1478 quintam

168 1488 199 1538 et
219 1489 331 1542 sextam
353 1481 504 1542 instruxit.
531 1477 662 1541 Secunda
682 1487 713 1536 et
733 1489 861 1558 quarta,
885 1497 957 1541 cum

168 1555 203 1618 L.
218 1559 380 1623 Volumnio
395 1558 596 1643 proconsule,
623 1563 654 1620 in
675 1557 794 1623 sannio
812 1559 956 1636 gerebant

166 1637 290 1701 bellum.
321 1642 422 1704 Primo
444 1659 617 1712 concursu,
644 1637 718 1718 adel)
737 1637 825 1720 aequis
841 1640 955 1705 ritibus

187 1731 252 1782 esta
268 1741 315 1783 res
343 1736 387 1783 est
415 1767 424 1796 ‚
454 1734 510 1794 ut,
540 1723 567 1784 si
593 1718 755 1788 adfuissent
776 1719 895 1781 Etrusci
924 1730 955 1781 st

164 1737 270 1862 itmbri
284 1848 291 1874 ‚
317 1802 407 1862 autin
419 1802 570 1872 acie,.aut
583 1799 615 1858 in
628 1799 752 1872 castris,
766 1801 954 1884 qudcumque

164 1899 196 1942 se
211 1881 418 1955 inclinassent,
449 1879 623 1961 accipienda
634 1877 737 1942 clades
749 1880 849 1947 suerit.

177 1962 182 1967 “
204 1963 243 2026 V.
268 1961 440 2038 Ceterbm,
474 1978 638 2042 quanquam
663 1963 829 2028 communis
853 1961 952 2024 adhuc

163 2047 248 2107 Mars
276 2041 348 2110 belli
367 2053 429 2104 erat
455 2087 463 2117 ‚
500 2043 624 2107 necdum
648 2039 808 2102 discrimen
836 2042 952 2104 fortuna

162 2125 295 2199 lecerat,
319 2126 377 2208 qud
391 2121 496 2185 'datura
509 2125 586 2184 vires
602 2133 701 2196 esset3
726 2121 951 2206 haudquaquam

163 2206 272 2269 similis
295 2227 394 2290 pugna
414 2208 446 2265 in
473 2203 578 2266 dextro
606 2203 736 2289 laevoque
757 2225 849 2266 cornu
874 2216 949 2266 erat.

162 2287 288 2351 Romani
312 2287 388 2370 apud
410 2285 534 2349 Fabium
558 2285 698 2347 arcebant
721 2287 839 2365 magis,
861 2289 951 2366 quim

162 2368 329 2431 inferebant
353 2386 506 2449 pugnam,
533 2365 800 2446 extrahebaturque
813 2370 843 2425 in
859 2368 950 2447 quim

162 2449 293 2510 maxims
311 2465 409 2514 serum
432 2445 493 2505 diei
513 2456 664 2505 certamen
688 2465 695 2503 ε
724 2448 793 2523 quia
816 2450 857 2506 ita
882 2467 947 2527 par-

163 2547 280 2591 tuasum
292 2538 354 2588 erat
365 2525 454 2599 duci,
479 2538 510 2586 et
520 2525 666 2587 Samnites
682 2535 713 2585 et
731 2525 835 2588 Gallos
848 2530 947 2609 primo

161 2609 276 2693 impetu
299 2608 415 2670 feroces
438 2625 523 2681 esse,
546 2625 620 2693 quos
637 2605 777 2671 sustineri
799 2609 869 2674 satis
882 2608 920 2672 sit
938 2633 945 2673 :

161 2687 297 2767 longiore
314 2690 475 2750 certamino
492 2693 602 2750 sensim
618 2690 751 2757 ¹residere
767 2693 947 2758 Samnitium

161 2767 275 2828 animos
298 2786 304 2824 :
330 2766 486 2828 Gallorum
503 2769 623 2847 quidem
643 2770 731 2829 etlam
754 2789 878 2848 corpora
899 2770 947 2831 in·

162 2844 391 2906 tolerantissime
413 2844 523 2908 laboris
535 2860 621 2929 atque
635 2849 721 2909 aestds
736 2846 828 2906 fluere
851 2891 860 2921 ‚
887 2850 948 2928 pri.

140 2967 143 2972 -
161 2944 267 3006 meque
279 2943 381 2985 sorum
394 2925 493 3004 praelia
505 2927 574 3005 plus
593 2927 680 3004 quam
693 2927 824 2984 virorum
837 2969 845 2996 ,
876 2946 946 3007 pos.

159 3015 257 3068 trema
273 3003 371 3065 mimis
385 2998 473 3084 quim
489 3003 666 3062 feminarum
679 3020 753 3062 esse.
775 3005 808 3064 ln
826 3005 856 3064 id
875 3018 954 3067 tem.-

159 3104 216 3168 pus
227 3086 339 3165 igitur,
362 3103 422 3165 quo
434 3082 514 3144 vinci
530 3081 642 3142 solebat
655 3081 769 3158 hostis,
789 3086 883 3165 ,quim
899 3087 944 3144 in·

159 3157 331 3247 tegerrimas
343 3165 420 3225 vires
433 3161 525 3222 militi
537 3161 678 3222 servabat.
765 3202 769 3207 -

201 3248 254 3313 Vl.
267 3245 407 3314 ferocior
417 3243 530 3304 Decius
544 3252 574 3301 et
588 3253 703 3318 atate,
722 3243 866 3324 strigoso
882 3244 945 3304 ani.

157 3328 222 3406 mi,
241 3335 511 3422 quantumcumque
520 3323 630 3388 virium
640 3322 759 3402 habuit,
777 3326 955 3390 conamine-
