2016 3780
164 197 166 203 ’
222 163 513 235 Nnnnsrro
562 160 712 231 XXX.
792 187 851 250 171

71 269 243 330 securitate
268 262 479 327 Tarentinorum
501 286 639 344 manere,
667 286 716 324 nec
742 267 856 324 descen·

24 412 28 421 ,
71 352 138 409 dere
159 350 188 407 in
209 349 320 418 eciem,
343 367 392 406 nec
419 356 504 404 extra
534 345 640 404 vallum
662 365 742 403 erma
763 348 855 414 serre.

71 425 216 507 Deceptos
228 428 320 506 potiris
332 429 519 506 quodcumque
533 447 615 485 cesus
625 427 857 503 feretpessuroe,

71 506 157 586 pedm
175 519 208 566 ut
227 509 360 586 sprevisse
376 509 456 585 pecie
472 516 600 564 auctores
628 503 794 595 Tarentinos
816 504 857 559 oi·

71 589 202 645 deantur.
226 587 358 667 Accipere
381 607 412 644 ee
433 598 513 644 ornen
538 583 673 645 consules
696 593 805 652 assint,
826 592 857 642 tt

19 668 22 673 ’
70 668 256 744 comprecari
270 678 390 726 mentem
403 663 554 738 testibus,
581 676 613 724 et
626 686 660 724 ne
677 661 783 722 vellem
796 663 857 744 qui*
975 740 980 749 Ι

71 748 135 806 dem
148 748 308 814 defendant.

93 823 198 899 ,Χ[Χ.
215 824 276 904 lpsi
287 825 366 882 inter
377 840 409 881 se
424 820 543 902 partitis
558 821 676 902 copiis,
694 819 855 890 succedunt
866 801 979 905 oiddi?

72 900 204 963 hostium
216 904 428 972 munimentis,
445 913 476 961 et
492 900 580 965 simul
595 899 663 962 undi
686 921 723 960 ue
736 899 852 972 adorti,
866 924 904 982 mr
916 914 986 964 sm

72 980 143 1042 clm
158 1002 227 1064 pars
243 983 333 1044 losses
348 981 524 1063 explerent,
553 1001 621 1061 pars
640 921 781 1041 vdterem
797 980 855 1040 ral-
866 983 928 1082 ’ἕω
970 972 986 1023 ³

72 1059 156 1130 lum,
182 1073 276 1141 ”alque
291 1064 324 1122 in
341 1062 432 1124 fossas
449 1073 623 1142 proruerent
642 1104 651 1133 ,
680 1081 736 1121 nec
762 1061 855 1119 virtus
889 1048 958 1082 ⁰¹¹³·

72 1140 160 1200 modi
177 1140 284 1215 insita,
302 1142 353 1204 sed
369 1142 412 1220 ira
425 1143 514 1202 etiem
530 1143 714 1203 exulceratos
725 1141 857 1220 ignomi-

71 1220 124 1281 nid
139 1221 306 1283 stimularet
325 1223 458 1295 animos,
473 1234 567 1284 castra
579 1222 712 1283 invasere
729 1243 736 1281 z
754 1231 784 1287 et
800 1239 855 1300 pro
935 1253 938 1265 ·

72 1302 262 1380 neutrisque,
286 1322 344 1362 non
360 1303 428 1363 brec
441 1301 602 1376 Furculas,
618 1322 673 1363 nec
687 1301 835 1364 Caudium
845 1304 864 1374 ,'

72 1399 129 1440 nec
152 1380 243 1440 saltus
268 1382 364 1442 invios
381 1400 470 1453 esse,
493 1382 543 1440 ubi
557 1403 688 1442 errorem
707 1381 787 1442 fraus
804 1399 855 1442 su·

72 1459 166 1540 perbe
181 1461 323 1534 vicisset,
341 1458 394 1520 sed
412 1465 573 1519 Romanam
584 1464 745 1533 virtutem,
767 1481 855 1539 quam

72 1557 129 1599 nec
145 1537 253 1599 vallum
269 1583 278 1612 ‚
301 1557 357 1599 nec
372 1537 456 1600 lossre
473 1551 627 1613 arcerent,
640 1549 856 1609 memorantes,

71 1618 187 1680 credunt
213 1619 325 1699 pariter
346 1620 518 1678 resistentes
534 1617 694 1698 lucosque,
727 1619 856 1679 inermes

72 1711 162 1776 arque
178 1710 436 1774 armatosserros,
459 1697 599 1772 liberos,
622 1700 774 1781 puberes,
796 1699 856 1757 im'‹

72 1777 223 1859 puberes,
247 1779 415 1853 homines,
441 1780 644 1857 jumentaque.
668 1780 732 1840 Nec
760 1777 857 1840 ullum

45 1872 48 1877 ·
72 1857 266 1938 superfuisset
280 1859 412 1934 animal,
436 1861 469 1920 ni
488 1860 624 1924 consules
637 1859 771 1942 receptui
792 1859 855 1935 sig·

72 1957 142 1997 num
156 1938 302 2000 dedissent
316 1970 325 2013 ‚·
350 1938 513 2021 avidosque
528 1939 619 2003 cedis
633 1940 775 1999 militese
792 1955 857 1998 cre·

72 2018 129 2076 tris
150 2020 277 2077 bostium
294 2020 424 2100 imperio
440 2040 474 2078 rc
488 2022 578 2080 minis
590 2019 786 2096 expulissent.
854 2062 858 2073 .

113 2096 185 2155 XX.
211 2095 310 2175 ltaque
333 2097 410 2178 apud
433 2099 564 2160 infensos
581 2100 620 2157 ob
642 2095 859 2174 interpellatam

72 2175 261 2235 dulcedinem
276 2177 349 2249 irae,
372 2175 527 2239 confestim
548 2177 645 2237 oratio
665 2175 766 2235 habita
787 2186 861 2248 est,

72 2266 106 2316 ut
129 2255 285 2316 doceretur
310 2255 424 2329 miles,
452 2257 566 2318 minime'
585 2261 714 2336 cuiquem
736 2253 860 2319 militurn

73 2332 200 2395 coniules
221 2339 331 2397 edicit
355 2336 449 2403 hostes
469 2339 610 2408 cessisse,
633 2348 684 2395 cut
709 2353 857 2396 cessuros:

73 2418 139 2494 quin
155 2420 260 2488 duces,
280 2420 354 2476 sicut
364 2415 454 2489 belli,
478 2420 519 2476 ite
539 2415 710 2476 insatiabiles
726 2413 860 2494 supplicii

69 2497 184 2565 futuros
194 2498 282 2563 fuisse
294 2539 303 2566 ,
315 2500 344 2554 ni
355 2508 495 2576 respectus
504 2502 629 2576 equitem
641 2508 860 2567 sexcentorum,

73 2576 123 2654 qui
137 2571 262 2632 Luceria
275 2578 382 2635 obsides
393 2589 554 2636 tenerentur
570 2619 578 2649 ,
600 2579 781 2655 prepedisaet
794 2576 859 2632 ent·

49 2716 51 2722 ,
73 2673 134 2714 mos
152 2675 162 2709 .·
179 2675 214 2710 ne
234 2657 381 2732 desperate
401 2658 480 2714 venie
501 2656 594 2715 hostes
611 2675 696 2715 cacos
711 2655 739 2713 in
753 2653 858 2735 supplic

73 2736 116 2792 cie
136 2753 229 2794 eorum
251 2747 351 2811 egeret
371 2776 380 2805 ‚
405 2740 521 2814 perdere
537 2738 634 2817 priris,
650 2735 743 2815 eumn
764 2737 858 2815 perire

37 2861 40 2866 .
73 2823 216 2892 optantes,
227 2811 360 2872 Laudare
369 2833 406 2873 ea
419 2814 553 2887 milites,
575 2813 725 2892 laetnrique
738 2815 857 2875 obviem

72 2890 147 2950 itum
165 2893 221 2950 iree
242 2910 379 2954 euaeesse
403 2913 410 2950 t
435 2913 470 2953 ac
488 2893 576 2954 fateri
599 2896 699 2955 omnia
717 2892 859 2975 patienda
905 2935 907 2941 r

73 2970 198 3109 pptilrs,
225 2973 313 3066 quim
335 2972 508 3066 proderetur
528 2974 606 3035 salus
627 2985 673 3034 tot
687 2975 858 3056 principum
888 3031 890 3035 ,

102 3069 214 3109 ornante
234 3063 402 3126 juventutis.

115 3129 197 3190 XXl.
209 3129 343 3190 Dimissi
358 3132 499 3194 concione
512 3177 521 3205 ,
534 3133 691 3194 consilium
701 3131 836 3191 habitum
849 3173 858 3202 ,
869 3133 969 3186 mrem

76 3208 249 3268 omnibusne
280 3210 375 3290 copiis
398 3213 553 3273 Luceriam
579 3221 746 3292 premerent
773 3252 782 3281 ,
819 3207 967 3289 anfai‘av

63 3274 172 3347 ‘altero
187 3287 315 3352 exercitu
331 3301 361 3350 et
379 3290 456 3353 duce
477 3291 566 3372 Apuli
589 3290 698 3427 cmiii
712 3307 784 3366 gens
803 3286 857 3357 du·
873 3291 891 3321 x
981 3372 984 3376 .

719 3383 737 3432 2

175 3504 210 3514 affl*
217 3508 232 3515 ¹--

233 3509 283 3563 κῇ
288 3542 302 3559 Β.
