<?xml version="1.0" encoding="UTF-8"?>
<!DOCTYPE html PUBLIC "-//W3C//DTD XHTML 1.0 Transitional//EN"
    "http://www.w3.org/TR/xhtml1/DTD/xhtml1-transitional.dtd">
<html xmlns="http://www.w3.org/1999/xhtml" xml:lang="en" lang="en">
 <head>
  <title>
</title>
<meta http-equiv="Content-Type" content="text/html;charset=utf-8" />
  <meta name='ocr-system' content='tesseract 3.04.00' />
  <meta name='ocr-capabilities' content='ocr_page ocr_carea ocr_par ocr_line ocrx_word'/>
</head>
<body>
  <div class='ocr_page' id='page_1' title='image "./selectaetitoliv00livygoog_0138.png"; bbox 0 0 2016 3780; ppageno 0'>
   <div class='ocr_carea' id='block_1_1' title="bbox 218 234 862 333">
    <p class='ocr_par' dir='ltr' id='par_1_1' title="bbox 218 234 862 333">
     <span class='ocr_line' id='line_1_1' title="bbox 218 234 862 333; baseline 0.002 -25"><span class='ocrx_word' id='word_1_1' title='bbox 218 234 494 313; x_wconf 73' lang='lat' dir='ltr'><em>Nunnsno</em></span> <span class='ocrx_word' id='word_1_2' title='bbox 530 236 703 312; x_wconf 87' lang='lat' dir='ltr'><strong>XXVI.</strong></span> <span class='ocrx_word' id='word_1_3' title='bbox 799 248 862 333; x_wconf 69' lang='lat'><em>¹39</em></span> 
     </span>
    </p>
   </div>
   <div class='ocr_carea' id='block_1_2' title="bbox 44 340 931 3365">
    <p class='ocr_par' dir='ltr' id='par_1_2' title="bbox 80 340 868 1221">
     <span class='ocr_line' id='line_1_2' title="bbox 80 340 864 406; baseline -0.005 -1"><span class='ocrx_word' id='word_1_4' title='bbox 80 347 109 405; x_wconf 87' lang='lat' dir='ltr'><em>in</em></span> <span class='ocrx_word' id='word_1_5' title='bbox 128 362 175 402; x_wconf 89' lang='lat' dir='ltr'><em>me</em></span> <span class='ocrx_word' id='word_1_6' title='bbox 200 340 337 404; x_wconf 78' lang='lat' dir='ltr'><em>audiendo</em></span> <span class='ocrx_word' id='word_1_7' title='bbox 360 350 493 406; x_wconf 81' lang='lat' dir='ltr'><em>seruando</em></span> <span class='ocrx_word' id='word_1_8' title='bbox 550 357 602 405; x_wconf 84' lang='lat' dir='ltr'><em>est.</em></span> <span class='ocrx_word' id='word_1_9' title='bbox 631 344 864 405; x_wconf 81' lang='lat' dir='ltr'><em>Ubisententiam</em></span> 
     </span>
     <span class='ocr_line' id='line_1_3' title="bbox 81 368 865 505; baseline -0.003 -22"><span class='ocrx_word' id='word_1_10' title='bbox 81 444 175 483; x_wconf 84' lang='lat' dir='ltr'><em>meam</em></span> <span class='ocrx_word' id='word_1_11' title='bbox 199 421 275 481; x_wconf 81' lang='lat' dir='ltr'><em>nobis</em></span> <span class='ocrx_word' id='word_1_12' title='bbox 286 444 441 503; x_wconf 80' lang='lat' dir='ltr'><em>peregero,</em></span> <span class='ocrx_word' id='word_1_13' title='bbox 465 368 523 484; x_wconf 71' lang='lat' dir='ltr'><em>soii</em></span> <span class='ocrx_word' id='word_1_14' title='bbox 541 468 550 497; x_wconf 93' lang='lat'><em>,</em></span> <span class='ocrx_word' id='word_1_15' title='bbox 566 422 666 505; x_wconf 83' lang='lat' dir='ltr'><em>quibus</em></span> <span class='ocrx_word' id='word_1_16' title='bbox 690 427 786 483; x_wconf 82' lang='lat' dir='ltr'><em>eedem</em></span> <span class='ocrx_word' id='word_1_17' title='bbox 803 424 865 501; x_wconf 83' lang='lat' dir='ltr'><em>pia·</em></span> 
     </span>
     <span class='ocr_line' id='line_1_4' title="bbox 84 501 865 586; baseline 0 -26"><span class='ocrx_word' id='word_1_18' title='bbox 84 502 208 573; x_wconf 83' lang='lat' dir='ltr'><em>cebunt,</em></span> <span class='ocrx_word' id='word_1_19' title='bbox 233 506 262 560; x_wconf 85' lang='lat' dir='ltr'><em>in</em></span> <span class='ocrx_word' id='word_1_20' title='bbox 277 507 409 565; x_wconf 80' lang='lat' dir='ltr'><em>dextram</em></span> <span class='ocrx_word' id='word_1_21' title='bbox 435 517 546 586; x_wconf 88' lang='lat' dir='ltr'><em>partem</em></span> <span class='ocrx_word' id='word_1_22' title='bbox 571 507 651 563; x_wconf 85' lang='lat' dir='ltr'><em>taciti</em></span> <span class='ocrx_word' id='word_1_23' title='bbox 677 501 865 561; x_wconf 81' lang='lat' dir='ltr'><em>transibitis:</em></span> 
     </span>
     <span class='ocr_line' id='line_1_5' title="bbox 84 582 866 662; baseline 0 -23"><span class='ocrx_word' id='word_1_24' title='bbox 84 602 147 662; x_wconf 69' lang='lat' dir='ltr'><em>que</em></span> <span class='ocrx_word' id='word_1_25' title='bbox 156 601 225 660; x_wconf 90' lang='lat' dir='ltr'><em>pars</em></span> <span class='ocrx_word' id='word_1_26' title='bbox 240 584 330 661; x_wconf 82' lang='lat' dir='ltr'><em>major</em></span> <span class='ocrx_word' id='word_1_27' title='bbox 347 587 421 659; x_wconf 87' lang='lat' dir='ltr'><em>erit,</em></span> <span class='ocrx_word' id='word_1_28' title='bbox 441 607 473 645; x_wconf 87' lang='lat' dir='ltr'><em>ea</em></span> <span class='ocrx_word' id='word_1_29' title='bbox 492 587 617 643; x_wconf 83' lang='lat' dir='ltr'><em>stabitur</em></span> <span class='ocrx_word' id='word_1_30' title='bbox 639 582 763 642; x_wconf 84' lang='lat' dir='ltr'><em>consilio.</em></span> <span class='ocrx_word' id='word_1_31' title='bbox 788 582 866 639; x_wconf 86' lang='lat' dir='ltr'><em>Nunc</em></span> 
     </span>
     <span class='ocr_line' id='line_1_6' title="bbox 85 660 862 741; baseline 0.001 -23"><span class='ocrx_word' id='word_1_32' title='bbox 85 682 147 741; x_wconf 77' lang='lat' dir='ltr'><em>qua</em></span> <span class='ocrx_word' id='word_1_33' title='bbox 172 672 263 719; x_wconf 88' lang='lat' dir='ltr'><em>mente</em></span> <span class='ocrx_word' id='word_1_34' title='bbox 283 666 410 740; x_wconf 80' lang='lat' dir='ltr'><em>agitem,</em></span> <span class='ocrx_word' id='word_1_35' title='bbox 424 668 530 729; x_wconf 76' lang='lat' dir='ltr'><em>audite.</em></span> <span class='ocrx_word' id='word_1_36' title='bbox 555 664 615 723; x_wconf 87' lang='lat' dir='ltr'><em>Nan</em></span> <span class='ocrx_word' id='word_1_37' title='bbox 629 664 704 740; x_wconf 73' lang='lat' dir='ltr'><em>fugi</em></span> <span class='ocrx_word' id='word_1_38' title='bbox 730 660 862 731; x_wconf 79' lang='lat' dir='ltr'><em>delatos,</em></span> 
     </span>
     <span class='ocr_line' id='line_1_7' title="bbox 84 740 865 816; baseline 0 -17"><span class='ocrx_word' id='word_1_39' title='bbox 84 761 134 799; x_wconf 84' lang='lat' dir='ltr'><em>nec</em></span> <span class='ocrx_word' id='word_1_40' title='bbox 149 740 250 799; x_wconf 72' lang='lat' dir='ltr'><em>inertii</em></span> <span class='ocrx_word' id='word_1_41' title='bbox 274 740 409 816; x_wconf 81' lang='lat' dir='ltr'><em>relictas,</em></span> <span class='ocrx_word' id='word_1_42' title='bbox 431 744 476 803; x_wconf 81' lang='lat' dir='ltr'><em>iic</em></span> <span class='ocrx_word' id='word_1_43' title='bbox 500 765 547 802; x_wconf 81' lang='lat' dir='ltr'><em>uos</em></span> <span class='ocrx_word' id='word_1_44' title='bbox 570 745 748 803; x_wconf 83' lang='lat' dir='ltr'><em>circumuenit</em></span> <span class='ocrx_word' id='word_1_45' title='bbox 768 742 865 799; x_wconf 81' lang='lat' dir='ltr'><em>itastis.</em></span> 
     </span>
     <span class='ocr_line' id='line_1_8' title="bbox 87 819 865 900; baseline -0.003 -21"><span class='ocrx_word' id='word_1_46' title='bbox 87 819 198 879; x_wconf 78' lang='lat' dir='ltr'><em>Virtute</em></span> <span class='ocrx_word' id='word_1_47' title='bbox 213 822 328 899; x_wconf 72' lang='lat' dir='ltr'><em>cepistis</em></span> <span class='ocrx_word' id='word_1_48' title='bbox 340 822 429 883; x_wconf 87' lang='lat' dir='ltr'><em>locum</em></span> <span class='ocrx_word' id='word_1_49' title='bbox 445 868 455 896; x_wconf 93' lang='lat'>‚</span> <span class='ocrx_word' id='word_1_50' title='bbox 477 826 580 882; x_wconf 82' lang='lat' dir='ltr'><em>uirtute</em></span> <span class='ocrx_word' id='word_1_51' title='bbox 599 822 662 881; x_wconf 80' lang='lat' dir='ltr'><em>hinc</em></span> <span class='ocrx_word' id='word_1_52' title='bbox 678 832 787 900; x_wconf 82' lang='lat' dir='ltr'><em>oportet</em></span> <span class='ocrx_word' id='word_1_53' title='bbox 799 842 865 880; x_wconf 81' lang='lat' dir='ltr'><em>eua-</em></span> 
     </span>
     <span class='ocr_line' id='line_1_9' title="bbox 82 898 868 981; baseline 0 -23"><span class='ocrx_word' id='word_1_54' title='bbox 82 902 167 959; x_wconf 78' lang='lat' dir='ltr'><em>datis.</em></span> <span class='ocrx_word' id='word_1_55' title='bbox 202 898 343 961; x_wconf 81' lang='lat' dir='ltr'><em>Veniendo</em></span> <span class='ocrx_word' id='word_1_56' title='bbox 364 902 440 973; x_wconf 73' lang='lat' dir='ltr'><em>tue,</em></span> <span class='ocrx_word' id='word_1_57' title='bbox 462 906 620 963; x_wconf 83' lang='lat' dir='ltr'><em>exercitum</em></span> <span class='ocrx_word' id='word_1_58' title='bbox 648 905 792 979; x_wconf 83' lang='lat' dir='ltr'><em>egregiam</em></span> <span class='ocrx_word' id='word_1_59' title='bbox 815 922 868 981; x_wconf 90' lang='lat' dir='ltr'><em>po·</em></span> 
     </span>
     <span class='ocr_line' id='line_1_10' title="bbox 80 977 868 1061; baseline 0.004 -26"><span class='ocrx_word' id='word_1_60' title='bbox 80 977 144 1058; x_wconf 81' lang='lat' dir='ltr'><em>puli</em></span> <span class='ocrx_word' id='word_1_61' title='bbox 167 978 284 1039; x_wconf 79' lang='lat' dir='ltr'><em>Romani</em></span> <span class='ocrx_word' id='word_1_62' title='bbox 320 982 451 1042; x_wconf 67' lang='lat' dir='ltr'><em>senueris</em></span> <span class='ocrx_word' id='word_1_63' title='bbox 467 1005 479 1039; x_wconf 91' lang='lat'><em>.·</em></span> <span class='ocrx_word' id='word_1_64' title='bbox 507 987 674 1061; x_wconf 74' lang='lat' dir='ltr'><em>erumpendo</em></span> <span class='ocrx_word' id='word_1_65' title='bbox 700 982 788 1051; x_wconf 76' lang='lat' dir='ltr'><em>hinc,</em></span> <span class='ocrx_word' id='word_1_66' title='bbox 809 1000 868 1038; x_wconf 80' lang='lat' dir='ltr'><em>uos·</em></span> 
     </span>
     <span class='ocr_line' id='line_1_11' title="bbox 85 1056 865 1143; baseline 0.001 -27"><span class='ocrx_word' id='word_1_67' title='bbox 85 1061 218 1136; x_wconf 74' lang='lat' dir='ltr'><em>metipsos</em></span> <span class='ocrx_word' id='word_1_68' title='bbox 232 1074 349 1131; x_wconf 79' lang='lat' dir='ltr'><em>seruate.</em></span> <span class='ocrx_word' id='word_1_69' title='bbox 366 1062 461 1143; x_wconf 81' lang='lat' dir='ltr'><em>Digni</em></span> <span class='ocrx_word' id='word_1_70' title='bbox 474 1066 563 1134; x_wconf 82' lang='lat' dir='ltr'><em>estis,</em></span> <span class='ocrx_word' id='word_1_71' title='bbox 576 1064 625 1142; x_wconf 80' lang='lat' dir='ltr'><em>qui</em></span> <span class='ocrx_word' id='word_1_72' title='bbox 637 1063 721 1141; x_wconf 85' lang='lat' dir='ltr'><em>pauci</em></span> <span class='ocrx_word' id='word_1_73' title='bbox 737 1056 865 1138; x_wconf 76' lang='lat' dir='ltr'><em>pluribus</em></span> 
     </span>
     <span class='ocr_line' id='line_1_12' title="bbox 84 1137 808 1221; baseline -0.001 -25"><span class='ocrx_word' id='word_1_74' title='bbox 84 1158 163 1217; x_wconf 85' lang='lat' dir='ltr'><em>opem</em></span> <span class='ocrx_word' id='word_1_75' title='bbox 183 1137 322 1213; x_wconf 84' lang='lat' dir='ltr'><em>tuieritis,</em></span> <span class='ocrx_word' id='word_1_76' title='bbox 337 1144 393 1221; x_wconf 84' lang='lat' dir='ltr'><em>ipsi</em></span> <span class='ocrx_word' id='word_1_77' title='bbox 408 1140 514 1202; x_wconf 76' lang='lat' dir='ltr'><em>nuliius</em></span> <span class='ocrx_word' id='word_1_78' title='bbox 528 1142 640 1199; x_wconf 77' lang='lat' dir='ltr'><em>auxilio</em></span> <span class='ocrx_word' id='word_1_79' title='bbox 662 1140 808 1217; x_wconf 73' lang='lat' dir='ltr'><em>egueritis.</em></span> 
     </span>
    </p>

    <p class='ocr_par' dir='ltr' id='par_1_3' title="bbox 44 1215 931 2550">
     <span class='ocr_line' id='line_1_13' title="bbox 126 1215 868 1299; baseline -0.003 -20"><span class='ocrx_word' id='word_1_80' title='bbox 126 1215 193 1279; x_wconf 85' lang='lat' dir='ltr'><strong>Vll.</strong></span> <span class='ocrx_word' id='word_1_81' title='bbox 212 1215 280 1277; x_wconf 78' lang='lat' dir='ltr'><em>Cium</em></span> <span class='ocrx_word' id='word_1_82' title='bbox 305 1243 337 1279; x_wconf 87' lang='lat' dir='ltr'><em>eo</em></span> <span class='ocrx_word' id='word_1_83' title='bbox 359 1223 437 1281; x_wconf 84' lang='lat' dir='ltr'><em>hoste</em></span> <span class='ocrx_word' id='word_1_84' title='bbox 464 1243 509 1280; x_wconf 87' lang='lat' dir='ltr'><em>ree</em></span> <span class='ocrx_word' id='word_1_85' title='bbox 524 1232 590 1291; x_wconf 86' lang='lat' dir='ltr'><em>est,</em></span> <span class='ocrx_word' id='word_1_86' title='bbox 611 1224 660 1299; x_wconf 83' lang='lat' dir='ltr'><em>qui</em></span> <span class='ocrx_word' id='word_1_87' title='bbox 679 1220 808 1278; x_wconf 81' lang='lat' dir='ltr'><em>hesterno</em></span> <span class='ocrx_word' id='word_1_88' title='bbox 822 1216 868 1277; x_wconf 82' lang='lat' dir='ltr'><em>die</em></span> 
     </span>
     <span class='ocr_line' id='line_1_14' title="bbox 85 1295 867 1379; baseline 0.001 -25"><span class='ocrx_word' id='word_1_89' title='bbox 85 1295 197 1355; x_wconf 80' lang='lat' dir='ltr'><em>delendi</em></span> <span class='ocrx_word' id='word_1_90' title='bbox 221 1303 310 1358; x_wconf 88' lang='lat' dir='ltr'><em>omnis</em></span> <span class='ocrx_word' id='word_1_91' title='bbox 338 1304 482 1360; x_wconf 75' lang='lat' dir='ltr'><em>exercitiis</em></span> <span class='ocrx_word' id='word_1_92' title='bbox 503 1300 619 1370; x_wconf 76' lang='lat' dir='ltr'><em>fortunii</em></span> <span class='ocrx_word' id='word_1_93' title='bbox 631 1320 684 1379; x_wconf 94' lang='lat' dir='ltr'><em>per</em></span> <span class='ocrx_word' id='word_1_94' title='bbox 712 1300 867 1358; x_wconf 78' lang='lat' dir='ltr'><em>socordiam</em></span> 
     </span>
     <span class='ocr_line' id='line_1_15' title="bbox 84 1377 869 1459; baseline 0 -26"><span class='ocrx_word' id='word_1_95' title='bbox 84 1396 151 1433; x_wconf 88' lang='lat' dir='ltr'><em>usus</em></span> <span class='ocrx_word' id='word_1_96' title='bbox 166 1398 219 1434; x_wconf 93' lang='lat' dir='ltr'><em>non</em></span> <span class='ocrx_word' id='word_1_97' title='bbox 235 1380 273 1436; x_wconf 89' lang='lat' dir='ltr'><em>eit</em></span> <span class='ocrx_word' id='word_1_98' title='bbox 287 1400 297 1433; x_wconf 91' lang='lat'><em>.·</em></span> <span class='ocrx_word' id='word_1_99' title='bbox 309 1379 379 1437; x_wconf 78' lang='lat' dir='ltr'><em>hunc</em></span> <span class='ocrx_word' id='word_1_100' title='bbox 400 1392 460 1439; x_wconf 89' lang='lat' dir='ltr'><em>tam</em></span> <span class='ocrx_word' id='word_1_101' title='bbox 473 1394 633 1459; x_wconf 83' lang='lat' dir='ltr'><em>oportunam</em></span> <span class='ocrx_word' id='word_1_102' title='bbox 663 1377 761 1438; x_wconf 76' lang='lat' dir='ltr'><em>coliem</em></span> <span class='ocrx_word' id='word_1_103' title='bbox 774 1378 869 1435; x_wconf 87' lang='lat' dir='ltr'><em>immi·</em></span> 
     </span>
     <span class='ocr_line' id='line_1_16' title="bbox 44 1456 869 1538; baseline 0 -25"><span class='ocrx_word' id='word_1_104' title='bbox 44 1487 51 1495; x_wconf 92' lang='lat'><em>·</em></span> <span class='ocrx_word' id='word_1_105' title='bbox 87 1466 198 1513; x_wconf 87' lang='lat' dir='ltr'><em>nentem</em></span> <span class='ocrx_word' id='word_1_106' title='bbox 219 1459 306 1533; x_wconf 88' lang='lat' dir='ltr'><em>capiti</em></span> <span class='ocrx_word' id='word_1_107' title='bbox 331 1478 382 1516; x_wconf 87' lang='lat' dir='ltr'><em>suo</em></span> <span class='ocrx_word' id='word_1_108' title='bbox 405 1481 458 1516; x_wconf 90' lang='lat' dir='ltr'><em>non</em></span> <span class='ocrx_word' id='word_1_109' title='bbox 482 1456 548 1516; x_wconf 72' lang='lat' dir='ltr'><em>enti</em></span> <span class='ocrx_word' id='word_1_110' title='bbox 563 1462 682 1529; x_wconf 79' lang='lat' dir='ltr'><em>viderit,</em></span> <span class='ocrx_word' id='word_1_111' title='bbox 698 1478 780 1538; x_wconf 78' lang='lat' dir='ltr'><em>quom</em></span> <span class='ocrx_word' id='word_1_112' title='bbox 806 1476 869 1535; x_wconf 91' lang='lat' dir='ltr'><em>cap·</em></span> 
     </span>
     <span class='ocr_line' id='line_1_17' title="bbox 87 1532 870 1616; baseline -0.001 -22"><span class='ocrx_word' id='word_1_113' title='bbox 87 1532 182 1594; x_wconf 72' lang='lat' dir='ltr'><em>tuma</em></span> <span class='ocrx_word' id='word_1_114' title='bbox 207 1533 311 1605; x_wconf 82' lang='lat' dir='ltr'><em>nobis;</em></span> <span class='ocrx_word' id='word_1_115' title='bbox 330 1558 381 1595; x_wconf 89' lang='lat' dir='ltr'><em>nos</em></span> <span class='ocrx_word' id='word_1_116' title='bbox 403 1549 460 1595; x_wconf 86' lang='lat' dir='ltr'><em>tam</em></span> <span class='ocrx_word' id='word_1_117' title='bbox 477 1558 579 1615; x_wconf 91' lang='lat' dir='ltr'><em>paucos</em></span> <span class='ocrx_word' id='word_1_118' title='bbox 600 1548 642 1594; x_wconf 89' lang='lat' dir='ltr'><em>tot</em></span> <span class='ocrx_word' id='word_1_119' title='bbox 656 1540 709 1616; x_wconf 89' lang='lat' dir='ltr'><em>ipsi</em></span> <span class='ocrx_word' id='word_1_120' title='bbox 719 1535 812 1593; x_wconf 80' lang='lat' dir='ltr'><em>miliia</em></span> <span class='ocrx_word' id='word_1_121' title='bbox 824 1534 870 1593; x_wconf 83' lang='lat' dir='ltr'><em>ha·</em></span> 
     </span>
     <span class='ocr_line' id='line_1_18' title="bbox 86 1612 872 1687; baseline -0.003 -12"><span class='ocrx_word' id='word_1_122' title='bbox 86 1615 192 1675; x_wconf 86' lang='lat' dir='ltr'><em>minum</em></span> <span class='ocrx_word' id='word_1_123' title='bbox 212 1636 262 1672; x_wconf 87' lang='lat' dir='ltr'><em>nec</em></span> <span class='ocrx_word' id='word_1_124' title='bbox 280 1618 416 1675; x_wconf 83' lang='lat' dir='ltr'><em>adscensu</em></span> <span class='ocrx_word' id='word_1_125' title='bbox 436 1618 600 1687; x_wconf 88' lang='lat' dir='ltr'><em>arcuerint,</em></span> <span class='ocrx_word' id='word_1_126' title='bbox 616 1635 665 1675; x_wconf 87' lang='lat' dir='ltr'><em>nec</em></span> <span class='ocrx_word' id='word_1_127' title='bbox 681 1627 805 1675; x_wconf 86' lang='lat' dir='ltr'><em>tenentes</em></span> <span class='ocrx_word' id='word_1_128' title='bbox 831 1612 872 1673; x_wconf 82' lang='lat' dir='ltr'><em>le·</em></span> 
     </span>
     <span class='ocr_line' id='line_1_19' title="bbox 87 1693 870 1777; baseline -0.001 -24"><span class='ocrx_word' id='word_1_129' title='bbox 87 1714 171 1765; x_wconf 88' lang='lat' dir='ltr'><em>eum,</em></span> <span class='ocrx_word' id='word_1_130' title='bbox 192 1698 251 1753; x_wconf 77' lang='lat' dir='ltr'><em>cim</em></span> <span class='ocrx_word' id='word_1_131' title='bbox 275 1698 332 1756; x_wconf 82' lang='lat' dir='ltr'><em>diei</em></span> <span class='ocrx_word' id='word_1_132' title='bbox 348 1700 456 1759; x_wconf 76' lang='lat' dir='ltr'><em>tantum</em></span> <span class='ocrx_word' id='word_1_133' title='bbox 471 1705 648 1777; x_wconf 81' lang='lat' dir='ltr'><em>superesset,</em></span> <span class='ocrx_word' id='word_1_134' title='bbox 663 1693 737 1752; x_wconf 82' lang='lat' dir='ltr'><em>rollo</em></span> <span class='ocrx_word' id='word_1_135' title='bbox 753 1697 870 1753; x_wconf 88' lang='lat' dir='ltr'><em>eircum-</em></span> 
     </span>
     <span class='ocr_line' id='line_1_20' title="bbox 86 1772 871 1854; baseline -0.005 -20"><span class='ocrx_word' id='word_1_136' title='bbox 86 1774 225 1835; x_wconf 72' lang='lat' dir='ltr'><em>dederint.</em></span> <span class='ocrx_word' id='word_1_137' title='bbox 243 1775 331 1854; x_wconf 82' lang='lat' dir='ltr'><em>Quem</em></span> <span class='ocrx_word' id='word_1_138' title='bbox 359 1780 496 1837; x_wconf 74' lang='lat' dir='ltr'><em>videntem</em></span> <span class='ocrx_word' id='word_1_139' title='bbox 516 1798 550 1835; x_wconf 92' lang='lat' dir='ltr'><em>ac</em></span> <span class='ocrx_word' id='word_1_140' title='bbox 569 1774 734 1854; x_wconf 75' lang='lat' dir='ltr'><em>vigilantem</em></span> <span class='ocrx_word' id='word_1_141' title='bbox 753 1776 794 1832; x_wconf 84' lang='lat' dir='ltr'><em>sic</em></span> <span class='ocrx_word' id='word_1_142' title='bbox 808 1772 871 1833; x_wconf 84' lang='lat' dir='ltr'><em>eiu-</em></span> 
     </span>
     <span class='ocr_line' id='line_1_21' title="bbox 86 1850 872 1939; baseline -0.001 -26"><span class='ocrx_word' id='word_1_143' title='bbox 86 1856 183 1913; x_wconf 81' lang='lat' dir='ltr'><em>eeritis</em></span> <span class='ocrx_word' id='word_1_144' title='bbox 195 1898 205 1928; x_wconf 92' lang='lat'><em>,</em></span> <span class='ocrx_word' id='word_1_145' title='bbox 224 1850 344 1933; x_wconf 83' lang='lat' dir='ltr'><em>sopitum</em></span> <span class='ocrx_word' id='word_1_146' title='bbox 367 1870 478 1939; x_wconf 79' lang='lat' dir='ltr'><em>oportet</em></span> <span class='ocrx_word' id='word_1_147' title='bbox 496 1852 619 1930; x_wconf 79' lang='lat' dir='ltr'><em>salietis</em></span> <span class='ocrx_word' id='word_1_148' title='bbox 636 1878 648 1929; x_wconf 85' lang='lat'><em>,·</em></span> <span class='ocrx_word' id='word_1_149' title='bbox 678 1855 733 1914; x_wconf 76' lang='lat' dir='ltr'><em>imi</em></span> <span class='ocrx_word' id='word_1_150' title='bbox 759 1850 872 1935; x_wconf 76' lang='lat' dir='ltr'><em>necess&#39;e</em></span> 
     </span>
     <span class='ocr_line' id='line_1_22' title="bbox 81 1934 872 2011; baseline -0.001 -18"><span class='ocrx_word' id='word_1_151' title='bbox 81 1936 149 1993; x_wconf 83' lang='lat' dir='ltr'><em>eet.¹</em></span> <span class='ocrx_word' id='word_1_152' title='bbox 161 1934 192 1993; x_wconf 84' lang='lat' dir='ltr'><em>in</em></span> <span class='ocrx_word' id='word_1_153' title='bbox 207 1956 239 1994; x_wconf 89' lang='lat' dir='ltr'><em>eo</em></span> <span class='ocrx_word' id='word_1_154' title='bbox 250 1938 321 1995; x_wconf 87' lang='lat' dir='ltr'><em>enim</em></span> <span class='ocrx_word' id='word_1_155' title='bbox 337 1936 397 1997; x_wconf 87' lang='lat' dir='ltr'><em>ioco</em></span> <span class='ocrx_word' id='word_1_156' title='bbox 410 1959 454 1995; x_wconf 91' lang='lat' dir='ltr'><em>res</em></span> <span class='ocrx_word' id='word_1_157' title='bbox 463 1949 529 1996; x_wconf 75' lang='lat' dir='ltr'><em>suist</em></span> <span class='ocrx_word' id='word_1_158' title='bbox 541 1948 661 2006; x_wconf 80' lang='lat' dir='ltr'><em>nostra,</em></span> <span class='ocrx_word' id='word_1_159' title='bbox 676 1947 707 1993; x_wconf 89' lang='lat' dir='ltr'><em>ut</em></span> <span class='ocrx_word' id='word_1_160' title='bbox 716 1935 791 1994; x_wconf 83' lang='lat' dir='ltr'><em>vobis</em></span> <span class='ocrx_word' id='word_1_161' title='bbox 802 1952 872 2011; x_wconf 84' lang='lat' dir='ltr'><em>ergo</em></span> 
     </span>
     <span class='ocr_line' id='line_1_23' title="bbox 83 2010 872 2109; baseline -0.001 -39"><span class='ocrx_word' id='word_1_162' title='bbox 83 2016 186 2087; x_wconf 82' lang='lat' dir='ltr'><em>magis</em></span> <span class='ocrx_word' id='word_1_163' title='bbox 198 2018 373 2109; x_wconf 71' lang='lat' dir='ltr'><em>pecessitotis</em></span> <span class='ocrx_word' id='word_1_164' title='bbox 401 2028 500 2075; x_wconf 80' lang='lat' dir='ltr'><em>uestra</em></span> <span class='ocrx_word' id='word_1_165' title='bbox 520 2018 635 2083; x_wconf 76' lang='lat' dir='ltr'><em>index,</em></span> <span class='ocrx_word' id='word_1_166' title='bbox 658 2014 738 2092; x_wconf 71' lang='lat' dir='ltr'><em>quim</em></span> <span class='ocrx_word' id='word_1_167' title='bbox 762 2010 872 2072; x_wconf 81' lang='lat' dir='ltr'><em>consilii</em></span> 
     </span>
     <span class='ocr_line' id='line_1_24' title="bbox 90 2091 931 2171; baseline 0.002 -24"><span class='ocrx_word' id='word_1_168' title='bbox 90 2100 189 2147; x_wconf 85' lang='lat' dir='ltr'><em>auctor</em></span> <span class='ocrx_word' id='word_1_169' title='bbox 210 2092 272 2149; x_wconf 88' lang='lat' dir='ltr'><em>sim.</em></span> <span class='ocrx_word' id='word_1_170' title='bbox 291 2092 388 2171; x_wconf 79' lang='lat' dir='ltr'><em>Neque</em></span> <span class='ocrx_word' id='word_1_171' title='bbox 416 2096 489 2152; x_wconf 91' lang='lat' dir='ltr'><em>enim</em></span> <span class='ocrx_word' id='word_1_172' title='bbox 514 2095 678 2161; x_wconf 80' lang='lat' dir='ltr'><em>maneatis,</em></span> <span class='ocrx_word' id='word_1_173' title='bbox 704 2114 740 2151; x_wconf 92' lang='lat' dir='ltr'><em>an</em></span> <span class='ocrx_word' id='word_1_174' title='bbox 764 2091 873 2149; x_wconf 84' lang='lat' dir='ltr'><em>abeatis</em></span> <span class='ocrx_word' id='word_1_175' title='bbox 928 2126 931 2131; x_wconf 94' lang='lat'>·</span> 
     </span>
     <span class='ocr_line' id='line_1_25' title="bbox 94 2167 873 2249; baseline 0 -22"><span class='ocrx_word' id='word_1_176' title='bbox 94 2168 179 2238; x_wconf 75' lang='lat' dir='ltr'><em>tsine,</em></span> <span class='ocrx_word' id='word_1_177' title='bbox 197 2167 347 2228; x_wconf 77' lang='lat' dir='ltr'><em>deliberari</em></span> <span class='ocrx_word' id='word_1_178' title='bbox 364 2182 478 2249; x_wconf 85' lang='lat' dir='ltr'><em>potest,</em></span> <span class='ocrx_word' id='word_1_179' title='bbox 498 2173 583 2241; x_wconf 73' lang='lat' dir='ltr'><em>eim,</em></span> <span class='ocrx_word' id='word_1_180' title='bbox 602 2181 704 2245; x_wconf 82' lang='lat' dir='ltr'><em>proter</em></span> <span class='ocrx_word' id='word_1_181' title='bbox 721 2191 822 2238; x_wconf 88' lang='lat' dir='ltr'><em>arma,</em></span> <span class='ocrx_word' id='word_1_182' title='bbox 843 2179 873 2227; x_wconf 88' lang='lat' dir='ltr'><em>et</em></span> 
     </span>
     <span class='ocr_line' id='line_1_26' title="bbox 91 2245 873 2319; baseline -0.004 -12"><span class='ocrx_word' id='word_1_183' title='bbox 91 2249 202 2307; x_wconf 65' lang='lat' dir='ltr'><em>murcos</em></span> <span class='ocrx_word' id='word_1_184' title='bbox 221 2269 363 2308; x_wconf 87' lang='lat' dir='ltr'><em>armorum</em></span> <span class='ocrx_word' id='word_1_185' title='bbox 384 2270 519 2309; x_wconf 82' lang='lat' dir='ltr'><em>memores</em></span> <span class='ocrx_word' id='word_1_186' title='bbox 538 2290 548 2319; x_wconf 94' lang='lat'><em>,</em></span> <span class='ocrx_word' id='word_1_187' title='bbox 567 2248 639 2306; x_wconf 80' lang='lat' dir='ltr'><em>niiiii</em></span> <span class='ocrx_word' id='word_1_188' title='bbox 662 2245 736 2306; x_wconf 82' lang='lat' dir='ltr'><em>vobis</em></span> <span class='ocrx_word' id='word_1_189' title='bbox 754 2250 873 2318; x_wconf 83' lang='lat' dir='ltr'><em>fortune</em></span> 
     </span>
     <span class='ocr_line' id='line_1_27' title="bbox 90 2325 874 2411; baseline -0.003 -24"><span class='ocrx_word' id='word_1_190' title='bbox 90 2325 196 2409; x_wconf 78' lang='lat' dir='ltr'><em>reliqui</em></span> <span class='ocrx_word' id='word_1_191' title='bbox 200 2331 326 2401; x_wconf 87' lang='lat' dir='ltr'><em>feeerit,</em></span> <span class='ocrx_word' id='word_1_192' title='bbox 340 2332 478 2411; x_wconf 73' lang='lat' dir='ltr'><em>fameque</em></span> <span class='ocrx_word' id='word_1_193' title='bbox 487 2339 519 2388; x_wconf 89' lang='lat' dir='ltr'><em>et</em></span> <span class='ocrx_word' id='word_1_194' title='bbox 534 2330 584 2386; x_wconf 85' lang='lat' dir='ltr'><em>siti</em></span> <span class='ocrx_word' id='word_1_195' title='bbox 595 2331 765 2386; x_wconf 77' lang='lat' dir='ltr'><em>moriendum</em></span> <span class='ocrx_word' id='word_1_196' title='bbox 777 2330 817 2385; x_wconf 87' lang='lat' dir='ltr'><em>sit</em></span> <span class='ocrx_word' id='word_1_197' title='bbox 829 2370 838 2399; x_wconf 94' lang='lat'><em>,</em></span> <span class='ocrx_word' id='word_1_198' title='bbox 849 2329 874 2386; x_wconf 87' lang='lat' dir='ltr'><em>ei</em></span> 
     </span>
     <span class='ocr_line' id='line_1_28' title="bbox 86 2408 874 2488; baseline -0.003 -21"><span class='ocrx_word' id='word_1_199' title='bbox 86 2408 180 2488; x_wconf 83' lang='lat' dir='ltr'><em>pius,</em></span> <span class='ocrx_word' id='word_1_200' title='bbox 197 2409 280 2488; x_wconf 77' lang='lat' dir='ltr'><em>quim</em></span> <span class='ocrx_word' id='word_1_201' title='bbox 296 2412 369 2469; x_wconf 78' lang='lat' dir='ltr'><em>virae</em></span> <span class='ocrx_word' id='word_1_202' title='bbox 386 2431 422 2470; x_wconf 89' lang='lat' dir='ltr'><em>ae</em></span> <span class='ocrx_word' id='word_1_203' title='bbox 441 2411 588 2469; x_wconf 82' lang='lat' dir='ltr'><em>Romanos</em></span> <span class='ocrx_word' id='word_1_204' title='bbox 599 2411 698 2481; x_wconf 77' lang='lat' dir='ltr'><em>decet,</em></span> <span class='ocrx_word' id='word_1_205' title='bbox 713 2414 826 2482; x_wconf 80' lang='lat' dir='ltr'><em>ferrum</em></span> <span class='ocrx_word' id='word_1_206' title='bbox 838 2409 874 2465; x_wconf 84' lang='lat' dir='ltr'><em>ti·</em></span> 
     </span>
     <span class='ocr_line' id='line_1_29' title="bbox 91 2504 538 2550; baseline -0.013 0"><span class='ocrx_word' id='word_1_207' title='bbox 91 2504 228 2550; x_wconf 63' lang='lat' dir='ltr'><em>mlum-2.</em></span> <span class='ocrx_word' id='word_1_208' title='bbox 308 2534 312 2539; x_wconf 90' lang='lat'>.</span> <span class='ocrx_word' id='word_1_209' title='bbox 535 2522 538 2527; x_wconf 95' lang='lat'>·</span> 
     </span>
    </p>

    <p class='ocr_par' dir='ltr' id='par_1_4' title="bbox 84 2564 876 3365">
     <span class='ocr_line' id='line_1_30' title="bbox 105 2564 873 2647; baseline -0.005 -18"><span class='ocrx_word' id='word_1_210' title='bbox 105 2578 112 2591; x_wconf 81' lang='grc'><strong>“</strong></span> <span class='ocrx_word' id='word_1_211' title='bbox 135 2564 220 2629; x_wconf 81' lang='lat' dir='ltr'><strong>Vllt.</strong></span> <span class='ocrx_word' id='word_1_212' title='bbox 233 2567 311 2646; x_wconf 80' lang='lat' dir='ltr'><em>Ergo</em></span> <span class='ocrx_word' id='word_1_213' title='bbox 322 2588 374 2627; x_wconf 86' lang='lat' dir='ltr'><em>una</em></span> <span class='ocrx_word' id='word_1_214' title='bbox 385 2580 431 2629; x_wconf 89' lang='lat' dir='ltr'><em>est</em></span> <span class='ocrx_word' id='word_1_215' title='bbox 444 2568 540 2639; x_wconf 79' lang='lat' dir='ltr'><em>caius,</em></span> <span class='ocrx_word' id='word_1_216' title='bbox 554 2564 698 2641; x_wconf 78' lang='lat' dir='ltr'><em>emmpere&#39;</em></span> <span class='ocrx_word' id='word_1_217' title='bbox 712 2567 873 2647; x_wconf 71' lang='lat' dir='ltr'><em>uineaeque</em></span> 
     </span>
     <span class='ocr_line' id='line_1_31' title="bbox 91 2644 873 2726; baseline -0.005 -17"><span class='ocrx_word' id='word_1_218' title='bbox 91 2644 183 2709; x_wconf 79' lang='lat' dir='ltr'><em>ubire.</em></span> <span class='ocrx_word' id='word_1_219' title='bbox 200 2644 236 2706; x_wconf 83' lang='lat' dir='ltr'><em>Id</em></span> <span class='ocrx_word' id='word_1_220' title='bbox 253 2658 306 2707; x_wconf 89' lang='lat' dir='ltr'><em>aut</em></span> <span class='ocrx_word' id='word_1_221' title='bbox 319 2648 438 2708; x_wconf 72' lang='lat' dir='ltr'><em>interdici</em></span> <span class='ocrx_word' id='word_1_222' title='bbox 451 2691 462 2725; x_wconf 89' lang='lat'><em>,</em></span> <span class='ocrx_word' id='word_1_223' title='bbox 477 2659 528 2707; x_wconf 87' lang='lat' dir='ltr'><em>out</em></span> <span class='ocrx_word' id='word_1_224' title='bbox 543 2657 623 2705; x_wconf 83' lang='lat' dir='ltr'><em>nocte</em></span> <span class='ocrx_word' id='word_1_225' title='bbox 634 2650 777 2715; x_wconf 83' lang='lat' dir='ltr'><em>faciamus</em></span> <span class='ocrx_word' id='word_1_226' title='bbox 792 2646 873 2726; x_wconf 83' lang='lat' dir='ltr'><em>opor&#39;·</em></span> 
     </span>
     <span class='ocr_line' id='line_1_32' title="bbox 85 2724 872 2808; baseline -0.001 -18"><span class='ocrx_word' id='word_1_227' title='bbox 85 2738 147 2791; x_wconf 81' lang='lat' dir='ltr'><em>eet.</em></span> <span class='ocrx_word' id='word_1_228' title='bbox 160 2726 235 2787; x_wconf 83' lang='lat' dir='ltr'><em>Eece</em></span> <span class='ocrx_word' id='word_1_229' title='bbox 254 2739 349 2786; x_wconf 86' lang='lat' dir='ltr'><em>autem</em></span> <span class='ocrx_word' id='word_1_230' title='bbox 367 2726 447 2787; x_wconf 74' lang='lat' dir='ltr'><em>aliud</em></span> <span class='ocrx_word' id='word_1_231' title='bbox 469 2728 560 2787; x_wconf 78' lang='lat' dir='ltr'><em>minius</em></span> <span class='ocrx_word' id='word_1_232' title='bbox 575 2724 697 2787; x_wconf 82' lang='lat' dir='ltr'><em>dubium.</em></span> <span class='ocrx_word' id='word_1_233' title='bbox 719 2728 828 2808; x_wconf 83' lang='lat' dir='ltr'><em>Quippe</em></span> <span class='ocrx_word' id='word_1_234' title='bbox 847 2728 872 2789; x_wconf 77' lang='lat' dir='ltr'><em>o·</em></span> 
     </span>
     <span class='ocr_line' id='line_1_33' title="bbox 90 2806 870 2888; baseline -0.008 -19"><span class='ocrx_word' id='word_1_235' title='bbox 90 2806 149 2869; x_wconf 79' lang='lat' dir='ltr'><em>lux</em></span> <span class='ocrx_word' id='word_1_236' title='bbox 158 2818 361 2887; x_wconf 82' lang='lat' dir='ltr'><em>exspectetur,</em></span> <span class='ocrx_word' id='word_1_237' title='bbox 375 2828 508 2887; x_wconf 80' lang='lat' dir='ltr'><em>quuspes</em></span> <span class='ocrx_word' id='word_1_238' title='bbox 518 2818 574 2879; x_wconf 90' lang='lat' dir='ltr'><em>est,</em></span> <span class='ocrx_word' id='word_1_239' title='bbox 585 2828 639 2865; x_wconf 92' lang='lat' dir='ltr'><em>non</em></span> <span class='ocrx_word' id='word_1_240' title='bbox 648 2806 724 2879; x_wconf 75' lang='lat' dir='ltr'><em>seila</em></span> <span class='ocrx_word' id='word_1_241' title='bbox 736 2816 870 2888; x_wconf 84' lang='lat' dir='ltr'><em>perpetuo</em></span> 
     </span>
     <span class='ocr_line' id='line_1_34' title="bbox 84 2886 873 2969; baseline -0.008 -20"><span class='ocrx_word' id='word_1_242' title='bbox 84 2886 223 2969; x_wconf 67' lang='lat' dir='ltr'><em>justique</em></span> <span class='ocrx_word' id='word_1_243' title='bbox 237 2907 289 2946; x_wconf 83' lang='lat' dir='ltr'><em>noe</em></span> <span class='ocrx_word' id='word_1_244' title='bbox 308 2899 450 2968; x_wconf 82' lang='lat' dir='ltr'><em>septorum</em></span> <span class='ocrx_word' id='word_1_245' title='bbox 468 2886 594 2947; x_wconf 78' lang='lat' dir='ltr'><em>tonent</em></span> <span class='ocrx_word' id='word_1_246' title='bbox 618 2888 674 2967; x_wconf 83' lang='lat' dir='ltr'><em>Qui</em></span> <span class='ocrx_word' id='word_1_247' title='bbox 698 2910 769 2947; x_wconf 89' lang='lat' dir='ltr'><em>nune</em></span> <span class='ocrx_word' id='word_1_248' title='bbox 780 2907 873 2964; x_wconf 89' lang='lat' dir='ltr'><em>corpe·</em></span> 
     </span>
     <span class='ocr_line' id='line_1_35' title="bbox 93 2965 872 3049; baseline -0.004 -23"><span class='ocrx_word' id='word_1_249' title='bbox 93 2966 171 3039; x_wconf 83' lang='lat' dir='ltr'><em>ribus</em></span> <span class='ocrx_word' id='word_1_250' title='bbox 180 2968 239 3027; x_wconf 85' lang='lat' dir='ltr'><em>suie</em></span> <span class='ocrx_word' id='word_1_251' title='bbox 250 2965 382 3031; x_wconf 82' lang='lat' dir='ltr'><em>subiectis</em></span> <span class='ocrx_word' id='word_1_252' title='bbox 395 2969 516 3049; x_wconf 81' lang='lat' dir='ltr'><em>undique</em></span> <span class='ocrx_word' id='word_1_253' title='bbox 530 2970 676 3039; x_wconf 83' lang='lat' dir='ltr'><em>cinxerit,</em></span> <span class='ocrx_word' id='word_1_254' title='bbox 698 2980 731 3025; x_wconf 94' lang='lat' dir='ltr'><em>ut</em></span> <span class='ocrx_word' id='word_1_255' title='bbox 745 2969 845 3026; x_wconf 76' lang='lat' dir='ltr'><em>ridetis</em></span> <span class='ocrx_word' id='word_1_256' title='bbox 862 3006 872 3035; x_wconf 91' lang='lat'><em>,</em></span> 
     </span>
     <span class='ocr_line' id='line_1_36' title="bbox 92 3044 876 3129; baseline -0.006 -22"><span class='ocrx_word' id='word_1_257' title='bbox 92 3045 204 3107; x_wconf 72' lang='lat' dir='ltr'><em>callem.</em></span> <span class='ocrx_word' id='word_1_258' title='bbox 218 3044 306 3126; x_wconf 75' lang='lat' dir='ltr'><em>Atqui</em></span> <span class='ocrx_word' id='word_1_259' title='bbox 320 3050 346 3107; x_wconf 87' lang='lat' dir='ltr'><em>ei</em></span> <span class='ocrx_word' id='word_1_260' title='bbox 356 3068 416 3107; x_wconf 79' lang='lat' dir='ltr'><em>nox</em></span> <span class='ocrx_word' id='word_1_261' title='bbox 426 3059 577 3129; x_wconf 87' lang='lat' dir='ltr'><em>opportuna</em></span> <span class='ocrx_word' id='word_1_262' title='bbox 593 3058 638 3106; x_wconf 90' lang='lat' dir='ltr'><em>est</em></span> <span class='ocrx_word' id='word_1_263' title='bbox 662 3048 800 3125; x_wconf 82' lang='lat' dir='ltr'><em>eruptioni</em></span> <span class='ocrx_word' id='word_1_264' title='bbox 812 3046 876 3119; x_wconf 78' lang='lat' dir='ltr'><em>,ei-</em></span> 
     </span>
     <span class='ocr_line' id='line_1_37' title="bbox 89 3124 875 3206; baseline -0.009 -17"><span class='ocrx_word' id='word_1_265' title='bbox 89 3130 144 3189; x_wconf 76' lang='lat' dir='ltr'><em>ee&#39;t</em></span> <span class='ocrx_word' id='word_1_266' title='bbox 162 3128 225 3199; x_wconf 79' lang='lat' dir='ltr'><em>est,</em></span> <span class='ocrx_word' id='word_1_267' title='bbox 238 3124 294 3185; x_wconf 74' lang='lat' dir='ltr'><em>teo</em></span> <span class='ocrx_word' id='word_1_268' title='bbox 312 3128 435 3206; x_wconf 73' lang='lat' dir='ltr'><em>profecti</em></span> <span class='ocrx_word' id='word_1_269' title='bbox 456 3128 544 3187; x_wconf 86' lang='lat' dir='ltr'><em>noctis</em></span> <span class='ocrx_word' id='word_1_270' title='bbox 562 3128 710 3203; x_wconf 83' lang='lat' dir='ltr'><em>aptissime</em></span> <span class='ocrx_word' id='word_1_271' title='bbox 736 3124 802 3181; x_wconf 81' lang='lat' dir='ltr'><em>isara</em></span> <span class='ocrx_word' id='word_1_272' title='bbox 821 3133 875 3182; x_wconf 82' lang='lat' dir='ltr'><em>est.</em></span> 
     </span>
     <span class='ocr_line' id='line_1_38' title="bbox 91 3204 875 3285; baseline -0.006 -20"><span class='ocrx_word' id='word_1_273' title='bbox 91 3204 186 3285; x_wconf 75' lang='lat' dir='ltr'><em>Signo</em></span> <span class='ocrx_word' id='word_1_274' title='bbox 207 3210 343 3265; x_wconf 74' lang='lat' dir='ltr'><em>secunde.</em></span> <span class='ocrx_word' id='word_1_275' title='bbox 362 3206 469 3285; x_wconf 64' lang='lat' dir='ltr'><em>vigilie</em></span> <span class='ocrx_word' id='word_1_276' title='bbox 492 3208 657 3264; x_wconf 79' lang='lat' dir='ltr'><em>convenistis</em></span> <span class='ocrx_word' id='word_1_277' title='bbox 681 3228 692 3262; x_wconf 85' lang='lat'><em>.·</em></span> <span class='ocrx_word' id='word_1_278' title='bbox 717 3205 791 3283; x_wconf 76' lang='lat' dir='ltr'><em>quod</em></span> <span class='ocrx_word' id='word_1_279' title='bbox 807 3211 875 3260; x_wconf 87' lang='lat' dir='ltr'><em>tem·</em></span> 
     </span>
     <span class='ocr_line' id='line_1_39' title="bbox 92 3282 875 3365; baseline -0.005 -22"><span class='ocrx_word' id='word_1_280' title='bbox 92 3304 150 3365; x_wconf 78' lang='lat' dir='ltr'><em>pue</em></span> <span class='ocrx_word' id='word_1_281' title='bbox 168 3282 303 3361; x_wconf 63' lang='lat' dir='ltr'><em>mortaies</em></span> <span class='ocrx_word' id='word_1_282' title='bbox 321 3306 416 3359; x_wconf 81' lang='lat' dir='ltr'><em>somno</em></span> <span class='ocrx_word' id='word_1_283' title='bbox 440 3284 586 3351; x_wconf 71' lang='lat' dir='ltr'><em>alu&#39;ssimo·</em></span> <span class='ocrx_word' id='word_1_284' title='bbox 598 3286 711 3361; x_wconf 83' lang='lat' dir='ltr'><em>premit.</em></span> <span class='ocrx_word' id='word_1_285' title='bbox 736 3283 793 3343; x_wconf 80' lang='lat' dir='ltr'><em>Per</em></span> <span class='ocrx_word' id='word_1_286' title='bbox 816 3300 875 3341; x_wconf 90' lang='lat' dir='ltr'><em>eor-</em></span> 
     </span>
    </p>
   </div>
   <div class='ocr_carea' id='block_1_3' title="bbox 93 3358 983 3533">
    <p class='ocr_par' dir='ltr' id='par_1_5' title="bbox 93 3358 983 3533">
     <span class='ocr_line' id='line_1_40' title="bbox 133 3358 877 3444; baseline -0.008 -22"><span class='ocrx_word' id='word_1_287' title='bbox 133 3384 165 3423; x_wconf 87' lang='lat' dir='ltr'><em>ra</em></span> <span class='ocrx_word' id='word_1_288' title='bbox 196 3367 287 3444; x_wconf 85' lang='lat' dir='ltr'><em>eapite</em></span> <span class='ocrx_word' id='word_1_289' title='bbox 316 3367 423 3425; x_wconf 80' lang='lat' dir='ltr'><em>radetis</em></span> <span class='ocrx_word' id='word_1_290' title='bbox 439 3384 450 3420; x_wconf 90' lang='lat'><em>:</em></span> <span class='ocrx_word' id='word_1_291' title='bbox 461 3360 648 3425; x_wconf 69' lang='lat' dir='ltr'><em>eetstieauo</em></span> <span class='ocrx_word' id='word_1_292' title='bbox 663 3358 800 3423; x_wconf 82' lang='lat' dir='ltr'><em>-inenutse¹</em></span> <span class='ocrx_word' id='word_1_293' title='bbox 810 3360 877 3433; x_wconf 53' lang='lat' dir='ltr'><em>fal}</em></span> 
     </span>
     <span class='ocr_line' id='line_1_41' title="bbox 93 3384 983 3533; baseline -0.009 -24"><span class='ocrx_word' id='word_1_294' title='bbox 93 3384 208 3517; x_wconf 56' lang='lat' dir='ltr'><em>iiiios,</em></span> <span class='ocrx_word' id='word_1_295' title='bbox 233 3442 277 3505; x_wconf 79' lang='lat' dir='ltr'><em>rei</em></span> <span class='ocrx_word' id='word_1_296' title='bbox 289 3442 473 3508; x_wconf 79' lang='lat' dir='ltr'><em>sentientibus</em></span> <span class='ocrx_word' id='word_1_297' title='bbox 491 3440 615 3533; x_wconf 80' lang='lat' dir='ltr'><em>ciamare</em></span> <span class='ocrx_word' id='word_1_298' title='bbox 635 3441 728 3507; x_wconf 80' lang='lat' dir='ltr'><em>subito</em></span> <span class='ocrx_word' id='word_1_299' title='bbox 749 3456 886 3525; x_wconf 65' lang='lat' dir='ltr'><em>peiorem</em></span> <span class='ocrx_word' id='word_1_300' title='bbox 960 3482 983 3517; x_wconf 23' lang='lat'><em>⁸.</em></span> 
     </span>
    </p>
   </div>
   <div class='ocr_carea' id='block_1_4' title="bbox 0 0 1029 3780">
    <p class='ocr_par' dir='ltr' id='par_1_6' title="bbox 0 0 1029 3780">
     <span class='ocr_line' id='line_1_42' title="bbox 0 0 1029 3780; baseline 0 0"><span class='ocrx_word' id='word_1_301' title='bbox 0 0 1029 3780; x_wconf 95' lang='lat' dir='ltr'><em> </em></span> 
     </span>
    </p>
   </div>
  </div>
 </body>
</html>
