<?xml version="1.0" encoding="UTF-8"?>
<!DOCTYPE html PUBLIC "-//W3C//DTD XHTML 1.0 Transitional//EN"
    "http://www.w3.org/TR/xhtml1/DTD/xhtml1-transitional.dtd">
<html xmlns="http://www.w3.org/1999/xhtml" xml:lang="en" lang="en">
 <head>
  <title>
</title>
<meta http-equiv="Content-Type" content="text/html;charset=utf-8" />
  <meta name='ocr-system' content='tesseract 3.04.00' />
  <meta name='ocr-capabilities' content='ocr_page ocr_carea ocr_par ocr_line ocrx_word'/>
</head>
<body>
  <div class='ocr_page' id='page_1' title='image "./selectaetitoliv00livygoog_0271.png"; bbox 0 0 2016 3780; ppageno 0'>
   <div class='ocr_carea' id='block_1_1' title="bbox 202 192 756 269">
    <p class='ocr_par' dir='ltr' id='par_1_1' title="bbox 202 192 756 269">
     <span class='ocr_line' id='line_1_1' title="bbox 202 192 756 269; baseline -0.014 -1"><span class='ocrx_word' id='word_1_1' title='bbox 202 205 246 269; x_wconf 74' lang='lat'><strong>32</strong></span> <span class='ocrx_word' id='word_1_2' title='bbox 427 192 555 262; x_wconf 81' lang='lat' dir='ltr'><strong>Trrr</strong></span> <span class='ocrx_word' id='word_1_3' title='bbox 601 193 756 262; x_wconf 81' lang='lat' dir='ltr'>L1v11</span> 
     </span>
    </p>
   </div>
   <div class='ocr_carea' id='block_1_2' title="bbox 151 293 999 2296">
    <p class='ocr_par' dir='ltr' id='par_1_2' title="bbox 151 293 999 2296">
     <span class='ocr_line' id='line_1_2' title="bbox 202 293 999 375; baseline -0.003 -13"><span class='ocrx_word' id='word_1_4' title='bbox 202 308 207 317; x_wconf 94' lang='grc'><strong><em>’</em></strong></span> <span class='ocrx_word' id='word_1_5' title='bbox 240 296 357 361; x_wconf 88' lang='lat' dir='ltr'><strong>XXVI.</strong></span> <span class='ocrx_word' id='word_1_6' title='bbox 390 295 450 357; x_wconf 86' lang='lat' dir='ltr'><strong>Sub</strong></span> <span class='ocrx_word' id='word_1_7' title='bbox 476 296 622 375; x_wconf 84' lang='lat' dir='ltr'><strong>equestris</strong></span> <span class='ocrx_word' id='word_1_8' title='bbox 664 293 752 354; x_wconf 87' lang='lat' dir='ltr'><strong>finem</strong></span> <span class='ocrx_word' id='word_1_9' title='bbox 786 297 999 373; x_wconf 61' lang='lat' dir='ltr'><strong>certaminis3</strong></span> 
     </span>
     <span class='ocr_line' id='line_1_3' title="bbox 200 374 998 456; baseline 0.003 -17"><span class='ocrx_word' id='word_1_10' title='bbox 200 390 303 439; x_wconf 75' lang='lat' dir='ltr'><strong>coorta</strong></span> <span class='ocrx_word' id='word_1_11' title='bbox 323 387 367 436; x_wconf 87' lang='lat' dir='ltr'><strong>est</strong></span> <span class='ocrx_word' id='word_1_12' title='bbox 381 374 520 456; x_wconf 89' lang='lat' dir='ltr'><strong>peditum</strong></span> <span class='ocrx_word' id='word_1_13' title='bbox 537 394 645 454; x_wconf 83' lang='lat' dir='ltr'><strong>pugna.</strong></span> <span class='ocrx_word' id='word_1_14' title='bbox 669 375 769 435; x_wconf 79' lang='lat' dir='ltr'><strong>Primo</strong></span> <span class='ocrx_word' id='word_1_15' title='bbox 783 390 813 434; x_wconf 93' lang='lat' dir='ltr'><strong>et</strong></span> <span class='ocrx_word' id='word_1_16' title='bbox 829 377 948 439; x_wconf 86' lang='lat' dir='ltr'><strong>viribus</strong></span> <span class='ocrx_word' id='word_1_17' title='bbox 963 391 998 440; x_wconf 85' lang='lat' dir='ltr'><strong>et</strong></span> 
     </span>
     <span class='ocr_line' id='line_1_4' title="bbox 200 454 998 540; baseline 0.003 -22"><span class='ocrx_word' id='word_1_18' title='bbox 200 459 307 518; x_wconf 83' lang='lat' dir='ltr'><strong>animis</strong></span> <span class='ocrx_word' id='word_1_19' title='bbox 324 475 410 537; x_wconf 85' lang='lat' dir='ltr'><strong>peres</strong></span> <span class='ocrx_word' id='word_1_20' title='bbox 421 455 603 516; x_wconf 74' lang='lat' dir='ltr'><strong>‘constabant</strong></span> <span class='ocrx_word' id='word_1_21' title='bbox 621 454 742 515; x_wconf 76' lang='lat' dir='ltr'>ordines</span> <span class='ocrx_word' id='word_1_22' title='bbox 758 455 859 517; x_wconf 84' lang='lat' dir='ltr'><strong>Gallis</strong></span> <span class='ocrx_word' id='word_1_23' title='bbox 882 458 998 540; x_wconf 78' lang='lat' dir='ltr'><strong>Hispa-</strong></span> 
     </span>
     <span class='ocr_line' id='line_1_5' title="bbox 199 534 994 616; baseline 0 -19"><span class='ocrx_word' id='word_1_24' title='bbox 199 539 327 616; x_wconf 63' lang='lat' dir='ltr'><strong>niaque*¹</strong></span> <span class='ocrx_word' id='word_1_25' title='bbox 351 534 469 594; x_wconf 85' lang='lat' dir='ltr'><strong>tandem</strong></span> <span class='ocrx_word' id='word_1_26' title='bbox 490 534 614 595; x_wconf 86' lang='lat' dir='ltr'><strong>Romani</strong></span> <span class='ocrx_word' id='word_1_27' title='bbox 628 534 679 593; x_wconf 88' lang='lat' dir='ltr'><strong>diti</strong></span> <span class='ocrx_word' id='word_1_28' title='bbox 696 554 731 595; x_wconf 89' lang='lat' dir='ltr'><strong>ac</strong></span> <span class='ocrx_word' id='word_1_29' title='bbox 748 538 825 614; x_wconf 78' lang='lat' dir='ltr'><strong>saepd</strong></span> <span class='ocrx_word' id='word_1_30' title='bbox 843 539 963 597; x_wconf 78' lang='lat' dir='ltr'><strong>connisi</strong></span> <span class='ocrx_word' id='word_1_31' title='bbox 984 584 994 614; x_wconf 91' lang='lat'>,</span> 
     </span>
     <span class='ocr_line' id='line_1_6' title="bbox 199 613 995 697; baseline 0.006 -22"><span class='ocrx_word' id='word_1_32' title='bbox 199 617 282 697; x_wconf 60' lang='lat' dir='ltr'><strong>equi</strong></span> <span class='ocrx_word' id='word_1_33' title='bbox 306 614 405 674; x_wconf 82' lang='lat' dir='ltr'><strong>fronte</strong></span> <span class='ocrx_word' id='word_1_34' title='bbox 428 616 551 693; x_wconf 78' lang='lat' dir='ltr'>acieque</span> <span class='ocrx_word' id='word_1_35' title='bbox 573 613 665 673; x_wconf 76' lang='lat' dir='ltr'><strong>densi</strong></span> <span class='ocrx_word' id='word_1_36' title='bbox 682 616 833 695; x_wconf 74' lang='lat' dir='ltr'><strong>impuidjre</strong></span> <span class='ocrx_word' id='word_1_37' title='bbox 857 617 995 680; x_wconf 83' lang='lat' dir='ltr'><strong>hostium</strong></span> 
     </span>
     <span class='ocr_line' id='line_1_7' title="bbox 151 694 993 775; baseline 0.001 -18"><span class='ocrx_word' id='word_1_38' title='bbox 151 727 155 736; x_wconf 80' lang='grc'><em>·</em></span> <span class='ocrx_word' id='word_1_39' title='bbox 200 715 326 757; x_wconf 88' lang='lat' dir='ltr'><strong>cuneum</strong></span> <span class='ocrx_word' id='word_1_40' title='bbox 339 695 430 754; x_wconf 87' lang='lat' dir='ltr'><strong>nimis</strong></span> <span class='ocrx_word' id='word_1_41' title='bbox 440 705 559 752; x_wconf 89' lang='lat' dir='ltr'><strong>tenuem</strong></span> <span class='ocrx_word' id='word_1_42' title='bbox 573 738 582 767; x_wconf 91' lang='lat'>,</span> <span class='ocrx_word' id='word_1_43' title='bbox 598 712 693 772; x_wconf 85' lang='lat' dir='ltr'><strong>eoque</strong></span> <span class='ocrx_word' id='word_1_44' title='bbox 705 694 813 775; x_wconf 84' lang='lat' dir='ltr'><strong>partim</strong></span> <span class='ocrx_word' id='word_1_45' title='bbox 829 696 963 757; x_wconf 82' lang='lat' dir='ltr'><strong>validum</strong></span> <span class='ocrx_word' id='word_1_46' title='bbox 983 743 993 774; x_wconf 85' lang='lat'>,</span> 
     </span>
     <span class='ocr_line' id='line_1_8' title="bbox 198 774 993 855; baseline 0.005 -19"><span class='ocrx_word' id='word_1_47' title='bbox 198 776 326 837; x_wconf 57' lang='lat' dir='ltr'><strong>{cetera</strong></span> <span class='ocrx_word' id='word_1_48' title='bbox 338 775 553 855; x_wconf 77' lang='lat' dir='ltr'><strong>prominentem</strong></span> <span class='ocrx_word' id='word_1_49' title='bbox 578 774 652 834; x_wconf 81' lang='lat' dir='ltr'><strong>acie.</strong></span> <span class='ocrx_word' id='word_1_50' title='bbox 672 774 813 854; x_wconf 83' lang='lat' dir='ltr'><strong>impulsis</strong></span> <span class='ocrx_word' id='word_1_51' title='bbox 828 776 937 837; x_wconf 88' lang='lat' dir='ltr'><strong>deinde</strong></span> <span class='ocrx_word' id='word_1_52' title='bbox 955 798 993 841; x_wconf 86' lang='lat' dir='ltr'><strong>ec</strong></span> 
     </span>
     <span class='ocr_line' id='line_1_9' title="bbox 198 852 992 937; baseline 0.004 -22"><span class='ocrx_word' id='word_1_53' title='bbox 198 854 321 937; x_wconf 76' lang='lat' dir='ltr'><strong>trepide</strong></span> <span class='ocrx_word' id='word_1_54' title='bbox 334 854 533 915; x_wconf 79' lang='lat' dir='ltr'><strong>referentibus</strong></span> <span class='ocrx_word' id='word_1_55' title='bbox 545 854 651 934; x_wconf 86' lang='lat' dir='ltr'><strong>pedem</strong></span> <span class='ocrx_word' id='word_1_56' title='bbox 660 855 799 914; x_wconf 77' lang='lat' dir='ltr'><strong>insistere</strong></span> <span class='ocrx_word' id='word_1_57' title='bbox 812 878 818 916; x_wconf 93' lang='lat'><strong>:</strong></span> <span class='ocrx_word' id='word_1_58' title='bbox 837 875 871 916; x_wconf 82' lang='lat' dir='ltr'><strong>ec</strong></span> <span class='ocrx_word' id='word_1_59' title='bbox 882 852 992 918; x_wconf 78' lang='lat' dir='ltr'><strong>tenore</strong></span> 
     </span>
     <span class='ocr_line' id='line_1_10' title="bbox 198 931 991 1015; baseline 0.003 -20"><span class='ocrx_word' id='word_1_60' title='bbox 198 954 259 996; x_wconf 88' lang='lat' dir='ltr'><strong>uno</strong></span> <span class='ocrx_word' id='word_1_61' title='bbox 279 955 332 1014; x_wconf 89' lang='lat' dir='ltr'><strong>per</strong></span> <span class='ocrx_word' id='word_1_62' title='bbox 347 953 478 1015; x_wconf 84' lang='lat' dir='ltr'><strong>praeceps</strong></span> <span class='ocrx_word' id='word_1_63' title='bbox 499 950 607 1013; x_wconf 77' lang='lat' dir='ltr'><strong>patore</strong></span> <span class='ocrx_word' id='word_1_64' title='bbox 628 931 805 1011; x_wconf 82' lang='lat' dir='ltr'><strong>fugientium</strong></span> <span class='ocrx_word' id='word_1_65' title='bbox 827 956 936 1014; x_wconf 86' lang='lat' dir='ltr'><strong>agmen</strong></span> <span class='ocrx_word' id='word_1_66' title='bbox 956 939 991 998; x_wconf 91' lang='lat' dir='ltr'><strong>in</strong></span> 
     </span>
     <span class='ocr_line' id='line_1_11' title="bbox 198 1012 992 1097; baseline 0.003 -21"><span class='ocrx_word' id='word_1_67' title='bbox 198 1014 328 1095; x_wconf 79' lang='lat' dir='ltr'><strong>inediam</strong></span> <span class='ocrx_word' id='word_1_68' title='bbox 347 1014 477 1095; x_wconf 75' lang='lat' dir='ltr'><strong>primum</strong></span> <span class='ocrx_word' id='word_1_69' title='bbox 493 1015 588 1074; x_wconf 87' lang='lat' dir='ltr'><strong>aciem</strong></span> <span class='ocrx_word' id='word_1_70' title='bbox 604 1012 682 1074; x_wconf 85' lang='lat' dir='ltr'><strong>iileti</strong></span> <span class='ocrx_word' id='word_1_71' title='bbox 699 1039 708 1087; x_wconf 74' lang='grc' dir='ltr'><strong>ς</strong></span> <span class='ocrx_word' id='word_1_72' title='bbox 739 1017 893 1097; x_wconf 77' lang='lat' dir='ltr'><strong>postremi&gt;</strong></span> <span class='ocrx_word' id='word_1_73' title='bbox 905 1016 992 1078; x_wconf 88' lang='lat' dir='ltr'><strong>nulio</strong></span> 
     </span>
     <span class='ocr_line' id='line_1_12' title="bbox 198 1092 990 1175; baseline 0.001 -19"><span class='ocrx_word' id='word_1_74' title='bbox 198 1097 355 1157; x_wconf 83' lang='lat' dir='ltr'><strong>resistente</strong></span> <span class='ocrx_word' id='word_1_75' title='bbox 371 1092 405 1155; x_wconf 89' lang='lat' dir='ltr'><strong>ad</strong></span> <span class='ocrx_word' id='word_1_76' title='bbox 433 1092 565 1155; x_wconf 87' lang='lat' dir='ltr'><strong>subsidia</strong></span> <span class='ocrx_word' id='word_1_77' title='bbox 591 1093 729 1154; x_wconf 74' lang='lat' dir='ltr'><strong>Afrorum</strong></span> <span class='ocrx_word' id='word_1_78' title='bbox 753 1109 952 1175; x_wconf 86' lang='lat' dir='ltr'><strong>pervenerunt</strong></span> <span class='ocrx_word' id='word_1_79' title='bbox 981 1118 990 1158; x_wconf 87' lang='grc'><strong>·.</strong></span> 
     </span>
     <span class='ocr_line' id='line_1_13' title="bbox 199 1173 990 1255; baseline 0.003 -20"><span class='ocrx_word' id='word_1_80' title='bbox 199 1175 269 1253; x_wconf 82' lang='lat'>(18)</span> <span class='ocrx_word' id='word_1_81' title='bbox 290 1177 342 1255; x_wconf 88' lang='lat' dir='ltr'><strong>qui</strong></span> <span class='ocrx_word' id='word_1_82' title='bbox 360 1175 501 1252; x_wconf 87' lang='lat' dir='ltr'><strong>utrinque</strong></span> <span class='ocrx_word' id='word_1_83' title='bbox 529 1173 661 1234; x_wconf 86' lang='lat' dir='ltr'><strong>reductis</strong></span> <span class='ocrx_word' id='word_1_84' title='bbox 682 1175 736 1234; x_wconf 89' lang='lat' dir='ltr'><strong>elis</strong></span> <span class='ocrx_word' id='word_1_85' title='bbox 764 1177 990 1252; x_wconf 81' lang='lat' dir='ltr'><strong>constiterant,</strong></span> 
     </span>
     <span class='ocr_line' id='line_1_14' title="bbox 198 1252 989 1334; baseline 0.003 -20"><span class='ocrx_word' id='word_1_86' title='bbox 198 1255 318 1325; x_wconf 78' lang='lat' dir='ltr'><strong>medii,</strong></span> <span class='ocrx_word' id='word_1_87' title='bbox 340 1255 397 1333; x_wconf 71' lang='lat' dir='ltr'><strong>qui</strong></span> <span class='ocrx_word' id='word_1_88' title='bbox 423 1252 507 1314; x_wconf 86' lang='lat' dir='ltr'><strong>Galli</strong></span> <span class='ocrx_word' id='word_1_89' title='bbox 536 1255 721 1334; x_wconf 84' lang='lat' dir='ltr'><strong>Hispanique</strong></span> <span class='ocrx_word' id='word_1_90' title='bbox 743 1254 912 1329; x_wconf 80' lang='lat' dir='ltr'><strong>steterunt,</strong></span> <span class='ocrx_word' id='word_1_91' title='bbox 928 1256 989 1317; x_wconf 81' lang='lat' dir='ltr'><strong>ali-</strong></span> 
     </span>
     <span class='ocr_line' id='line_1_15' title="bbox 199 1334 991 1416; baseline 0.004 -21"><span class='ocrx_word' id='word_1_92' title='bbox 199 1334 338 1414; x_wconf 85' lang='lat' dir='ltr'><strong>quanttim</strong></span> <span class='ocrx_word' id='word_1_93' title='bbox 353 1379 361 1409; x_wconf 88' lang='lat'><strong><em>‚</em></strong></span> <span class='ocrx_word' id='word_1_94' title='bbox 394 1335 582 1416; x_wconf 87' lang='lat' dir='ltr'><strong>prominente</strong></span> <span class='ocrx_word' id='word_1_95' title='bbox 599 1335 673 1395; x_wconf 82' lang='lat' dir='ltr'><strong>acie.</strong></span> <span class='ocrx_word' id='word_1_96' title='bbox 692 1336 760 1412; x_wconf 79' lang='lat' dir='ltr'><strong>(tp)</strong></span> <span class='ocrx_word' id='word_1_97' title='bbox 775 1336 836 1416; x_wconf 92' lang='lat' dir='ltr'><strong>Qui</strong></span> <span class='ocrx_word' id='word_1_98' title='bbox 851 1354 965 1398; x_wconf 89' lang='lat' dir='ltr'><strong>cuneus</strong></span> <span class='ocrx_word' id='word_1_99' title='bbox 980 1384 991 1414; x_wconf 90' lang='lat'><strong>,</strong></span> 
     </span>
     <span class='ocr_line' id='line_1_16' title="bbox 151 1413 990 1495; baseline 0.004 -21"><span class='ocrx_word' id='word_1_100' title='bbox 151 1488 154 1493; x_wconf 18' lang='grc' dir='ltr'><strong><em>Ι</em></strong></span> <span class='ocrx_word' id='word_1_101' title='bbox 199 1426 231 1474; x_wconf 89' lang='lat' dir='ltr'><strong>ut</strong></span> <span class='ocrx_word' id='word_1_102' title='bbox 240 1415 344 1495; x_wconf 80' lang='lat' dir='ltr'><strong>pulsus</strong></span> <span class='ocrx_word' id='word_1_103' title='bbox 358 1415 479 1494; x_wconf 84' lang='lat' dir='ltr'><strong>equavit</strong></span> <span class='ocrx_word' id='word_1_104' title='bbox 490 1413 616 1474; x_wconf 76' lang='lat' dir='ltr'><strong>frontem</strong></span> <span class='ocrx_word' id='word_1_105' title='bbox 627 1414 761 1494; x_wconf 78' lang='lat' dir='ltr'><strong>primurn</strong></span> <span class='ocrx_word' id='word_1_106' title='bbox 775 1459 785 1489; x_wconf 90' lang='lat'>,</span> <span class='ocrx_word' id='word_1_107' title='bbox 816 1414 923 1476; x_wconf 88' lang='lat' dir='ltr'><strong>deinde</strong></span> <span class='ocrx_word' id='word_1_108' title='bbox 937 1418 990 1477; x_wconf 88' lang='lat' dir='ltr'><strong>ni-</strong></span> 
     </span>
     <span class='ocr_line' id='line_1_17' title="bbox 197 1493 989 1567; baseline 0.008 -14"><span class='ocrx_word' id='word_1_109' title='bbox 197 1494 290 1554; x_wconf 85' lang='lat' dir='ltr'><strong>tendo</strong></span> <span class='ocrx_word' id='word_1_110' title='bbox 304 1496 394 1554; x_wconf 86' lang='lat' dir='ltr'><strong>etiam&#39;</strong></span> <span class='ocrx_word' id='word_1_111' title='bbox 407 1496 504 1555; x_wconf 88' lang='lat' dir='ltr'><strong>einum</strong></span> <span class='ocrx_word' id='word_1_112' title='bbox 517 1496 554 1555; x_wconf 86' lang='lat' dir='ltr'><strong>itr</strong></span> <span class='ocrx_word' id='word_1_113' title='bbox 564 1494 663 1554; x_wconf 90' lang='lat' dir='ltr'><strong>medio</strong></span> <span class='ocrx_word' id='word_1_114' title='bbox 675 1493 760 1554; x_wconf 89' lang='lat' dir='ltr'><strong>dedit</strong></span> <span class='ocrx_word' id='word_1_115' title='bbox 779 1538 789 1567; x_wconf 90' lang='lat'><strong>‚</strong></span> <span class='ocrx_word' id='word_1_116' title='bbox 823 1495 887 1554; x_wconf 78' lang='lat' dir='ltr'><strong>Afri</strong></span> <span class='ocrx_word' id='word_1_117' title='bbox 904 1498 989 1559; x_wconf 72' lang='lat' dir='ltr'><strong>circs</strong></span> 
     </span>
     <span class='ocr_line' id='line_1_18' title="bbox 196 1573 987 1657; baseline 0.004 -22"><span class='ocrx_word' id='word_1_118' title='bbox 196 1579 255 1657; x_wconf 64' lang='lat' dir='ltr'><strong>iam</strong></span> <span class='ocrx_word' id='word_1_119' title='bbox 272 1574 541 1649; x_wconf 72' lang='lat' dir='ltr'><strong>commiscerent,</strong></span> <span class='ocrx_word' id='word_1_120' title='bbox 566 1573 803 1655; x_wconf 84' lang='lat' dir='ltr'><strong>irruentibusque</strong></span> <span class='ocrx_word' id='word_1_121' title='bbox 815 1576 936 1637; x_wconf 76' lang='lat' dir='ltr'><strong>incaute</strong></span> <span class='ocrx_word' id='word_1_122' title='bbox 953 1579 987 1638; x_wconf 90' lang='lat' dir='ltr'><strong>in</strong></span> 
     </span>
     <span class='ocr_line' id='line_1_19' title="bbox 196 1653 985 1729; baseline 0.003 -13"><span class='ocrx_word' id='word_1_123' title='bbox 196 1655 328 1716; x_wconf 89' lang='lat' dir='ltr'><strong>medium</strong></span> <span class='ocrx_word' id='word_1_124' title='bbox 352 1655 518 1727; x_wconf 87' lang='lat' dir='ltr'><strong>Romanis,</strong></span> <span class='ocrx_word' id='word_1_125' title='bbox 547 1653 769 1715; x_wconf 67' lang='lat' dir='ltr'><strong>circumdedere</strong></span> <span class='ocrx_word' id='word_1_126' title='bbox 794 1653 879 1729; x_wconf 82' lang='lat' dir='ltr'><strong>aies,</strong></span> <span class='ocrx_word' id='word_1_127' title='bbox 909 1677 985 1719; x_wconf 88' lang='lat' dir='ltr'><strong>mox</strong></span> 
     </span>
     <span class='ocr_line' id='line_1_20' title="bbox 195 1733 985 1813; baseline 0.003 -19"><span class='ocrx_word' id='word_1_128' title='bbox 195 1748 306 1795; x_wconf 81' lang='lat' dir='ltr'><strong>cornua</strong></span> <span class='ocrx_word' id='word_1_129' title='bbox 326 1734 511 1794; x_wconf 84' lang='lat' dir='ltr'><strong>extendendo</strong></span> <span class='ocrx_word' id='word_1_130' title='bbox 523 1777 531 1805; x_wconf 90' lang='lat'>‚</span> <span class='ocrx_word' id='word_1_131' title='bbox 543 1743 545 1751; x_wconf 89' lang='lat'>&#39;</span> <span class='ocrx_word' id='word_1_132' title='bbox 557 1733 689 1793; x_wconf 69' lang='lat' dir='ltr'><strong>clausere</strong></span> <span class='ocrx_word' id='word_1_133' title='bbox 707 1745 738 1794; x_wconf 89' lang='lat' dir='ltr'><strong>et</strong></span> <span class='ocrx_word' id='word_1_134' title='bbox 757 1733 795 1795; x_wconf 85' lang='lat' dir='ltr'><strong>sb</strong></span> <span class='ocrx_word' id='word_1_135' title='bbox 810 1746 892 1813; x_wconf 84' lang='lat' dir='ltr'><strong>terge</strong></span> <span class='ocrx_word' id='word_1_136' title='bbox 911 1736 985 1796; x_wconf 85' lang='lat' dir='ltr'><strong>hos·</strong></span> 
     </span>
     <span class='ocr_line' id='line_1_21' title="bbox 195 1812 981 1896; baseline 0.003 -23"><span class='ocrx_word' id='word_1_137' title='bbox 195 1827 251 1874; x_wconf 86' lang='lat' dir='ltr'><strong>tes.</strong></span> <span class='ocrx_word' id='word_1_138' title='bbox 268 1816 345 1877; x_wconf 85' lang='lat' dir='ltr'><strong>Hinc</strong></span> <span class='ocrx_word' id='word_1_139' title='bbox 365 1814 491 1874; x_wconf 85' lang='lat' dir='ltr'><strong>Romani</strong></span> <span class='ocrx_word' id='word_1_140' title='bbox 509 1812 639 1872; x_wconf 78' lang='lat' dir='ltr'><strong>debincti</strong></span> <span class='ocrx_word' id='word_1_141' title='bbox 663 1815 856 1896; x_wconf 80' lang='lat' dir='ltr'><strong>nequicquam</strong></span> <span class='ocrx_word' id='word_1_142' title='bbox 875 1815 981 1892; x_wconf 84' lang='lat' dir='ltr'><strong>praeiio</strong></span> 
     </span>
     <span class='ocr_line' id='line_1_22' title="bbox 196 1893 978 1975; baseline 0 -21"><span class='ocrx_word' id='word_1_143' title='bbox 196 1914 277 1971; x_wconf 82' lang='lat' dir='ltr'><strong>uno,</strong></span> <span class='ocrx_word' id='word_1_144' title='bbox 294 1895 413 1954; x_wconf 87' lang='lat' dir='ltr'><strong>omissis</strong></span> <span class='ocrx_word' id='word_1_145' title='bbox 425 1894 522 1960; x_wconf 82' lang='lat' dir='ltr'><strong>Gallis</strong></span> <span class='ocrx_word' id='word_1_146' title='bbox 535 1893 749 1973; x_wconf 84' lang='lat' dir='ltr'><strong>Hispanisque,</strong></span> <span class='ocrx_word' id='word_1_147' title='bbox 764 1912 881 1975; x_wconf 87' lang='lat' dir='ltr'><strong>quorum</strong></span> <span class='ocrx_word' id='word_1_148' title='bbox 894 1903 978 1972; x_wconf 82' lang='lat' dir='ltr'><strong>terge</strong></span> 
     </span>
     <span class='ocr_line' id='line_1_23' title="bbox 197 1970 981 2053; baseline -0.003 -19"><span class='ocrx_word' id='word_1_149' title='bbox 197 1973 386 2046; x_wconf 71' lang='lat' dir='ltr'><strong>occiderant,</strong></span> <span class='ocrx_word' id='word_1_150' title='bbox 396 1975 488 2034; x_wconf 86' lang='lat' dir='ltr'><strong>etiarn</strong></span> <span class='ocrx_word' id='word_1_151' title='bbox 499 1970 638 2035; x_wconf 78' lang='lat' dir='ltr'><strong>adversis</strong></span> <span class='ocrx_word' id='word_1_152' title='bbox 652 1974 737 2034; x_wconf 82' lang='lat' dir='ltr'><strong>Afros</strong></span> <span class='ocrx_word' id='word_1_153' title='bbox 752 1977 893 2053; x_wconf 73' lang='lat' dir='ltr'><strong>integrum</strong></span> <span class='ocrx_word' id='word_1_154' title='bbox 905 1992 981 2053; x_wconf 85' lang='lat' dir='ltr'><strong>pug-</strong></span> 
     </span>
     <span class='ocr_line' id='line_1_24' title="bbox 197 2052 983 2135; baseline 0 -21"><span class='ocrx_word' id='word_1_155' title='bbox 197 2068 265 2114; x_wconf 85' lang='lat' dir='ltr'><strong>nam</strong></span> <span class='ocrx_word' id='word_1_156' title='bbox 288 2056 416 2128; x_wconf 87' lang='lat' dir='ltr'><strong>ineunt,</strong></span> <span class='ocrx_word' id='word_1_157' title='bbox 445 2074 503 2114; x_wconf 90' lang='lat' dir='ltr'><strong>non</strong></span> <span class='ocrx_word' id='word_1_158' title='bbox 522 2052 635 2114; x_wconf 79' lang='lat' dir='ltr'><strong>tentum</strong></span> <span class='ocrx_word' id='word_1_159' title='bbox 655 2052 691 2114; x_wconf 88' lang='lat' dir='ltr'><strong>eb</strong></span> <span class='ocrx_word' id='word_1_160' title='bbox 711 2056 845 2135; x_wconf 87' lang='lat' dir='ltr'><strong>iniquam</strong></span> <span class='ocrx_word' id='word_1_161' title='bbox 866 2097 875 2127; x_wconf 88' lang='lat'>‚</span> <span class='ocrx_word' id='word_1_162' title='bbox 902 2053 983 2133; x_wconf 85' lang='lat' dir='ltr'><strong>qubd</strong></span> 
     </span>
     <span class='ocr_line' id='line_1_25' title="bbox 196 2132 985 2215; baseline 0.004 -22"><span class='ocrx_word' id='word_1_163' title='bbox 196 2135 304 2195; x_wconf 89' lang='lat' dir='ltr'><strong>inclusi</strong></span> <span class='ocrx_word' id='word_1_164' title='bbox 318 2135 457 2196; x_wconf 84' lang='lat' dir='ltr'><strong>adversus</strong></span> <span class='ocrx_word' id='word_1_165' title='bbox 480 2132 693 2208; x_wconf 82' lang='lat' dir='ltr'><strong>circumfusos,</strong></span> <span class='ocrx_word' id='word_1_166' title='bbox 719 2136 768 2195; x_wconf 88' lang='lat' dir='ltr'><strong>sed</strong></span> <span class='ocrx_word' id='word_1_167' title='bbox 788 2137 880 2196; x_wconf 84' lang='lat' dir='ltr'><strong>etiam</strong></span> <span class='ocrx_word' id='word_1_168' title='bbox 899 2132 985 2215; x_wconf 80' lang='lat' dir='ltr'><strong>quod</strong></span> 
     </span>
     <span class='ocr_line' id='line_1_26' title="bbox 195 2215 899 2296; baseline -0.007 -19"><span class='ocrx_word' id='word_1_169' title='bbox 195 2215 265 2277; x_wconf 72' lang='lat' dir='ltr'><strong>fessi</strong></span> <span class='ocrx_word' id='word_1_170' title='bbox 280 2235 346 2274; x_wconf 92' lang='lat' dir='ltr'><strong>cum</strong></span> <span class='ocrx_word' id='word_1_171' title='bbox 359 2217 527 2276; x_wconf 85' lang='lat' dir='ltr'><strong>recentibus</strong></span> <span class='ocrx_word' id='word_1_172' title='bbox 538 2235 572 2276; x_wconf 85' lang='lat' dir='ltr'><strong>ec</strong></span> <span class='ocrx_word' id='word_1_173' title='bbox 586 2217 700 2294; x_wconf 88' lang='lat' dir='ltr'><strong>vegetis</strong></span> <span class='ocrx_word' id='word_1_174' title='bbox 722 2215 899 2296; x_wconf 77' lang='lat' dir='ltr'><strong>pugnabant.</strong></span> 
     </span>
    </p>
   </div>
   <div class='ocr_carea' id='block_1_3' title="bbox 195 2305 987 2546">
    <p class='ocr_par' dir='ltr' id='par_1_3' title="bbox 195 2305 987 2546">
     <span class='ocr_line' id='line_1_27' title="bbox 218 2305 985 2379; baseline -0.001 -12"><span class='ocrx_word' id='word_1_175' title='bbox 218 2324 220 2329; x_wconf 80' lang='grc'>’</span> <span class='ocrx_word' id='word_1_176' title='bbox 236 2306 366 2367; x_wconf 83' lang='lat' dir='ltr'>XXVII.</span> <span class='ocrx_word' id='word_1_177' title='bbox 390 2309 458 2371; x_wconf 83' lang='lat' dir='ltr'><strong>Jam</strong></span> <span class='ocrx_word' id='word_1_178' title='bbox 475 2317 506 2365; x_wconf 89' lang='lat' dir='ltr'><strong>et</strong></span> <span class='ocrx_word' id='word_1_179' title='bbox 521 2307 553 2365; x_wconf 92' lang='lat' dir='ltr'><strong>in</strong></span> <span class='ocrx_word' id='word_1_180' title='bbox 565 2305 688 2366; x_wconf 90' lang='lat' dir='ltr'><strong>sinistro</strong></span> <span class='ocrx_word' id='word_1_181' title='bbox 701 2326 792 2366; x_wconf 89' lang='lat' dir='ltr'><strong>cornu</strong></span> <span class='ocrx_word' id='word_1_182' title='bbox 812 2306 958 2366; x_wconf 87' lang='lat' dir='ltr'><strong>Romanis</strong></span> <span class='ocrx_word' id='word_1_183' title='bbox 974 2316 985 2379; x_wconf 85' lang='grc'><strong>,’</strong></span> 
     </span>
     <span class='ocr_line' id='line_1_28' title="bbox 195 2384 987 2464; baseline 0.001 -18"><span class='ocrx_word' id='word_1_184' title='bbox 195 2384 247 2447; x_wconf 89' lang='lat' dir='ltr'><strong>ubi</strong></span> <span class='ocrx_word' id='word_1_185' title='bbox 274 2387 423 2444; x_wconf 88' lang='lat' dir='ltr'><strong>sociorum</strong></span> <span class='ocrx_word' id='word_1_186' title='bbox 440 2387 555 2464; x_wconf 87' lang='lat' dir='ltr'><strong>equites</strong></span> <span class='ocrx_word' id='word_1_187' title='bbox 578 2384 714 2445; x_wconf 84' lang='lat' dir='ltr'><strong>adverstis</strong></span> <span class='ocrx_word' id='word_1_188' title='bbox 736 2385 878 2445; x_wconf 85' lang='lat' dir='ltr'><strong>Numidas</strong></span> <span class='ocrx_word' id='word_1_189' title='bbox 895 2397 987 2447; x_wconf 88' lang='lat' dir='ltr'><strong>stete·</strong></span> 
     </span>
     <span class='ocr_line' id='line_1_29' title="bbox 195 2462 987 2546; baseline 0.001 -22"><span class='ocrx_word' id='word_1_190' title='bbox 195 2464 279 2536; x_wconf 80' lang='lat' dir='ltr'><strong>rant,</strong></span> <span class='ocrx_word' id='word_1_191' title='bbox 302 2474 470 2524; x_wconf 90' lang='lat' dir='ltr'><strong>consertum</strong></span> <span class='ocrx_word' id='word_1_192' title='bbox 482 2462 616 2545; x_wconf 72' lang='lat' dir='ltr'><strong>prelium</strong></span> <span class='ocrx_word' id='word_1_193' title='bbox 636 2474 717 2541; x_wconf 79' lang='lat' dir='ltr'><strong>eret3</strong></span> <span class='ocrx_word' id='word_1_194' title='bbox 750 2483 840 2544; x_wconf 87' lang='lat' dir='ltr'><strong>segne</strong></span> <span class='ocrx_word' id='word_1_195' title='bbox 856 2465 987 2546; x_wconf 86' lang='lat' dir='ltr'><strong>primb,</strong></span> 
     </span>
    </p>
   </div>
   <div class='ocr_carea' id='block_1_4' title="bbox 196 2626 987 2899">
    <p class='ocr_par' dir='ltr' id='par_1_4' title="bbox 196 2626 987 2875">
     <span class='ocr_line' id='line_1_30' title="bbox 232 2626 987 2749; baseline 0.004 -71"><span class='ocrx_word' id='word_1_196' title='bbox 232 2631 262 2679; x_wconf 82' lang='lat'><strong>18</strong></span> <span class='ocrx_word' id='word_1_197' title='bbox 284 2626 365 2749; x_wconf 55' lang='lat' dir='ltr'><strong>(Sitti</strong></span> <span class='ocrx_word' id='word_1_198' title='bbox 383 2629 512 2698; x_wconf 78' lang='lat' dir='ltr'><strong>utrinque</strong></span> <span class='ocrx_word' id='word_1_199' title='bbox 527 2647 571 2682; x_wconf 87' lang='lat' dir='ltr'><strong>re·</strong></span> <span class='ocrx_word' id='word_1_200' title='bbox 605 2641 658 2682; x_wconf 84' lang='lat' dir='ltr'><strong>cat.</strong></span> <span class='ocrx_word' id='word_1_201' title='bbox 674 2629 707 2680; x_wconf 85' lang='lat' dir='ltr'><strong>Itt</strong></span> <span class='ocrx_word' id='word_1_202' title='bbox 717 2630 751 2681; x_wconf 83' lang='lat' dir='ltr'><strong>iis</strong></span> <span class='ocrx_word' id='word_1_203' title='bbox 765 2644 822 2699; x_wconf 76' lang='lat' dir='ltr'><strong>quae</strong></span> <span class='ocrx_word' id='word_1_204' title='bbox 834 2643 987 2696; x_wconf 84' lang='lat' dir='ltr'><strong>sequuntur</strong></span> 
     </span>
     <span class='ocr_line' id='line_1_31' title="bbox 196 2695 984 2763; baseline 0 -16"><span class='ocrx_word' id='word_1_205' title='bbox 196 2695 354 2747; x_wconf 78' lang='lat' dir='ltr'><strong>ductisais</strong></span> <span class='ocrx_word' id='word_1_206' title='bbox 370 2696 568 2763; x_wconf 82' lang='lat' dir='ltr'><strong>constiterant)</strong></span> <span class='ocrx_word' id='word_1_207' title='bbox 604 2697 646 2748; x_wconf 74' lang='lat' dir='ltr'><strong>hat</strong></span> <span class='ocrx_word' id='word_1_208' title='bbox 673 2698 771 2748; x_wconf 77' lang='lat' dir='ltr'><strong>eaedem</strong></span> <span class='ocrx_word' id='word_1_209' title='bbox 792 2710 870 2745; x_wconf 88' lang='lat' dir='ltr'><strong>voces</strong></span> <span class='ocrx_word' id='word_1_210' title='bbox 891 2709 984 2747; x_wconf 85' lang='lat' dir='ltr'><strong>rursus</strong></span> 
     </span>
     <span class='ocr_line' id='line_1_32' title="bbox 197 2758 937 2875; baseline 0.001 -68"><span class='ocrx_word' id='word_1_211' title='bbox 197 2758 252 2875; x_wconf 52' lang='lat' dir='ltr'><strong>tppi</strong></span> <span class='ocrx_word' id='word_1_212' title='bbox 272 2761 308 2809; x_wconf 90' lang='lat' dir='ltr'><strong>ite</strong></span> <span class='ocrx_word' id='word_1_213' title='bbox 330 2761 518 2826; x_wconf 85' lang='lat' dir='ltr'><strong>constiterant,</strong></span> <span class='ocrx_word' id='word_1_214' title='bbox 541 2776 571 2813; x_wconf 92' lang='lat' dir='ltr'><strong>ut</strong></span> <span class='ocrx_word' id='word_1_215' title='bbox 604 2763 753 2830; x_wconf 72' lang='lat' dir='ltr'><strong>promiscui</strong></span> <span class='ocrx_word' id='word_1_216' title='bbox 770 2769 937 2824; x_wconf 84' lang='lat' dir='ltr'><strong>usurpantur.</strong></span> 
     </span>
    </p>

    <p class='ocr_par' dir='ltr' id='par_1_5' title="bbox 196 2824 982 2899">
     <span class='ocr_line' id='line_1_33' title="bbox 196 2824 982 2899; baseline 0.006 -25"><span class='ocrx_word' id='word_1_217' title='bbox 196 2843 210 2874; x_wconf 89' lang='lat' dir='ltr'><strong>e</strong></span> <span class='ocrx_word' id='word_1_218' title='bbox 241 2835 330 2874; x_wconf 81' lang='lat' dir='ltr'><strong>cenent</strong></span> <span class='ocrx_word' id='word_1_219' title='bbox 362 2826 482 2892; x_wconf 88' lang='lat' dir='ltr'><strong>utrinque</strong></span> <span class='ocrx_word' id='word_1_220' title='bbox 514 2827 569 2879; x_wconf 85' lang='lat' dir='ltr'><strong>alas</strong></span> <span class='ocrx_word' id='word_1_221' title='bbox 640 2827 749 2899; x_wconf 82' lang='lat' dir='ltr'><strong>19(Qui</strong></span> <span class='ocrx_word' id='word_1_222' title='bbox 758 2825 871 2888; x_wconf 76' lang='lat' dir='ltr'><strong>correus)</strong></span> <span class='ocrx_word' id='word_1_223' title='bbox 883 2824 982 2881; x_wconf 84' lang='lat' dir='ltr'><strong>Cuneo</strong></span> 
     </span>
    </p>
   </div>
   <div class='ocr_carea' id='block_1_5' title="bbox 194 2890 980 3007">
    <p class='ocr_par' dir='ltr' id='par_1_6' title="bbox 194 2890 980 3007">
     <span class='ocr_line' id='line_1_34' title="bbox 194 2890 980 3007; baseline 0.005 -65"><span class='ocrx_word' id='word_1_224' title='bbox 194 2891 336 2942; x_wconf 83' lang='lat' dir='ltr'><strong>introrsum</strong></span> <span class='ocrx_word' id='word_1_225' title='bbox 348 2890 468 2943; x_wconf 82' lang='lat' dir='ltr'><strong>reductas</strong></span> <span class='ocrx_word' id='word_1_226' title='bbox 483 2906 514 2943; x_wconf 85' lang='lat' dir='ltr'><strong>ac</strong></span> <span class='ocrx_word' id='word_1_227' title='bbox 525 2910 570 2944; x_wconf 85' lang='lat' dir='ltr'><strong>ve·</strong></span> <span class='ocrx_word' id='word_1_228' title='bbox 602 2895 651 2947; x_wconf 85' lang='lat' dir='ltr'><strong>itto</strong></span> <span class='ocrx_word' id='word_1_229' title='bbox 663 2930 670 2954; x_wconf 92' lang='lat'>,</span> <span class='ocrx_word' id='word_1_230' title='bbox 691 2894 736 2962; x_wconf 91' lang='lat' dir='ltr'><strong>qui</strong></span> <span class='ocrx_word' id='word_1_231' title='bbox 752 2892 765 2942; x_wconf 84' lang='lat' dir='ltr'><strong>i</strong></span> <span class='ocrx_word' id='word_1_232' title='bbox 777 2902 862 2940; x_wconf 84' lang='lat' dir='ltr'><strong>cetera</strong></span> <span class='ocrx_word' id='word_1_233' title='bbox 874 2898 980 3007; x_wconf 66' lang='lat' dir='ltr'><strong>ppomi-</strong></span> 
     </span>
    </p>
   </div>
   <div class='ocr_carea' id='block_1_6' title="bbox 161 2955 981 3360">
    <p class='ocr_par' dir='ltr' id='par_1_7' title="bbox 161 2955 981 3360">
     <span class='ocr_line' id='line_1_35' title="bbox 195 2955 981 3022; baseline 0 -16"><span class='ocrx_word' id='word_1_234' title='bbox 195 2957 370 3007; x_wconf 87' lang='lat' dir='ltr'><strong>lut·retractas</strong></span> <span class='ocrx_word' id='word_1_235' title='bbox 388 2992 395 3016; x_wconf 95' lang='lat'>,</span> <span class='ocrx_word' id='word_1_236' title='bbox 410 2968 413 2973; x_wconf 86' lang='lat'>&#39;</span> <span class='ocrx_word' id='word_1_237' title='bbox 429 2955 570 3008; x_wconf 84' lang='lat' dir='ltr'><strong>Geiiorum</strong></span> <span class='ocrx_word' id='word_1_238' title='bbox 602 2959 757 3021; x_wconf 86' lang='lat' dir='ltr'><strong>nebatacie,</strong></span> <span class='ocrx_word' id='word_1_239' title='bbox 768 2956 870 3022; x_wconf 74' lang='lat' dir='ltr'><strong>puisoi</strong></span> <span class='ocrx_word' id='word_1_240' title='bbox 903 2976 981 3013; x_wconf 81' lang='lat' dir='ltr'><strong>oms.</strong></span> 
     </span>
     <span class='ocr_line' id='line_1_36' title="bbox 161 3020 981 3091; baseline 0.009 -19"><span class='ocrx_word' id='word_1_241' title='bbox 161 3020 165 3025; x_wconf 83' lang='lat'>&#39;</span> <span class='ocrx_word' id='word_1_242' title='bbox 194 3023 426 3089; x_wconf 80' lang='lat' dir='ltr'><strong>Hispanorumque</strong></span> <span class='ocrx_word' id='word_1_243' title='bbox 437 3023 568 3074; x_wconf 82' lang='lat' dir='ltr'><strong>scieuitrs</strong></span> <span class='ocrx_word' id='word_1_244' title='bbox 601 3025 644 3075; x_wconf 87' lang='lat' dir='ltr'><strong>ni‘a</strong></span> <span class='ocrx_word' id='word_1_245' title='bbox 662 3063 669 3087; x_wconf 95' lang='lat'>,</span> <span class='ocrx_word' id='word_1_246' title='bbox 694 3035 796 3091; x_wconf 77' lang='lat' dir='ltr'><strong>roqueta</strong></span> <span class='ocrx_word' id='word_1_247' title='bbox 810 3023 922 3089; x_wconf 76' lang='lat' dir='ltr'><strong>primiim</strong></span> <span class='ocrx_word' id='word_1_248' title='bbox 938 3043 981 3081; x_wconf 84' lang='lat' dir='ltr'><strong>est</strong></span> 
     </span>
     <span class='ocr_line' id='line_1_37' title="bbox 194 3088 979 3156; baseline 0.005 -15"><span class='ocrx_word' id='word_1_249' title='bbox 194 3090 254 3142; x_wconf 85' lang='lat' dir='ltr'><strong>ilias</strong></span> <span class='ocrx_word' id='word_1_250' title='bbox 272 3088 327 3141; x_wconf 83' lang='lat' dir='ltr'><strong>ales</strong></span> <span class='ocrx_word' id='word_1_251' title='bbox 338 3105 393 3141; x_wconf 83' lang='lat' dir='ltr'><strong>nott</strong></span> <span class='ocrx_word' id='word_1_252' title='bbox 409 3089 499 3156; x_wconf 86' lang='lat' dir='ltr'><strong>partim</strong></span> <span class='ocrx_word' id='word_1_253' title='bbox 511 3106 569 3156; x_wconf 89' lang='lat' dir='ltr'><strong>pro·</strong></span> <span class='ocrx_word' id='word_1_254' title='bbox 602 3089 675 3143; x_wconf 82' lang='lat' dir='ltr'><strong>frons</strong></span> <span class='ocrx_word' id='word_1_255' title='bbox 683 3089 749 3143; x_wconf 89' lang='lat' dir='ltr'><strong>aciei</strong></span> <span class='ocrx_word' id='word_1_256' title='bbox 761 3093 870 3144; x_wconf 73' lang='lat' dir='ltr'><strong>Punice</strong></span> <span class='ocrx_word' id='word_1_257' title='bbox 883 3112 890 3140; x_wconf 73' lang='grc' dir='ltr'><strong>ι</strong></span> <span class='ocrx_word' id='word_1_258' title='bbox 902 3094 979 3145; x_wconf 85' lang='lat' dir='ltr'><strong>dein-</strong></span> 
     </span>
     <span class='ocr_line' id='line_1_38' title="bbox 194 3156 979 3226; baseline 0.004 -17"><span class='ocrx_word' id='word_1_259' title='bbox 194 3157 322 3209; x_wconf 86' lang='lat' dir='ltr'><strong>minente.</strong></span> <span class='ocrx_word' id='word_1_260' title='bbox 333 3156 400 3226; x_wconf 71' lang='lat' dir='ltr'><strong>Quae</strong></span> <span class='ocrx_word' id='word_1_261' title='bbox 409 3156 478 3224; x_wconf 81' lang='lat' dir='ltr'><strong>priris</strong></span> <span class='ocrx_word' id='word_1_262' title='bbox 488 3173 569 3209; x_wconf 87' lang='lat' dir='ltr'><strong>voca·</strong></span> <span class='ocrx_word' id='word_1_263' title='bbox 602 3158 701 3219; x_wconf 77' lang='lat' dir='ltr'><strong>decim</strong></span> <span class='ocrx_word' id='word_1_264' title='bbox 712 3159 857 3211; x_wconf 83' lang='lat' dir='ltr'><strong>niterentur</strong></span> <span class='ocrx_word' id='word_1_265' title='bbox 868 3158 979 3212; x_wconf 78' lang='lat' dir='ltr'><strong>ulterius</strong></span> 
     </span>
     <span class='ocr_line' id='line_1_39' title="bbox 193 3224 979 3287; baseline 0.004 -13"><span class='ocrx_word' id='word_1_266' title='bbox 193 3226 233 3276; x_wconf 80' lang='lat' dir='ltr'><strong>uit</strong></span> <span class='ocrx_word' id='word_1_267' title='bbox 244 3224 337 3277; x_wconf 84' lang='lat' dir='ltr'><strong>Livius</strong></span> <span class='ocrx_word' id='word_1_268' title='bbox 348 3244 451 3277; x_wconf 82' lang='lat' dir='ltr'><strong>cornua</strong></span> <span class='ocrx_word' id='word_1_269' title='bbox 465 3262 472 3287; x_wconf 92' lang='lat'><em>,</em></span> <span class='ocrx_word' id='word_1_270' title='bbox 505 3225 568 3278; x_wconf 87' lang='lat' dir='ltr'><strong>dum</strong></span> <span class='ocrx_word' id='word_1_271' title='bbox 602 3226 717 3279; x_wconf 82' lang='lat' dir='ltr'><strong>Romani</strong></span> <span class='ocrx_word' id='word_1_272' title='bbox 727 3263 732 3286; x_wconf 88' lang='lat'>,</span> <span class='ocrx_word' id='word_1_273' title='bbox 741 3228 821 3278; x_wconf 87' lang='lat' dir='ltr'><strong>etiam</strong></span> <span class='ocrx_word' id='word_1_274' title='bbox 831 3227 934 3277; x_wconf 86' lang='lat' dir='ltr'><strong>sinuata</strong></span> <span class='ocrx_word' id='word_1_275' title='bbox 944 3244 979 3283; x_wconf 83' lang='lat' dir='ltr'><strong>ec</strong></span> 
     </span>
     <span class='ocr_line' id='line_1_40' title="bbox 194 3291 980 3360; baseline 0.01 -21"><span class='ocrx_word' id='word_1_276' title='bbox 194 3291 261 3341; x_wconf 84' lang='lat' dir='ltr'><strong>dicit</strong></span> <span class='ocrx_word' id='word_1_277' title='bbox 269 3305 482 3360; x_wconf 85' lang='lat' dir='ltr'><strong>utraquecornue</strong></span> <span class='ocrx_word' id='word_1_278' title='bbox 492 3292 569 3345; x_wconf 80' lang='lat' dir='ltr'><strong>Afro·</strong></span> <span class='ocrx_word' id='word_1_279' title='bbox 601 3293 673 3347; x_wconf 83' lang='lat' dir='ltr'><strong>velut</strong></span> <span class='ocrx_word' id='word_1_280' title='bbox 692 3307 819 3345; x_wconf 83' lang='lat' dir='ltr'><strong>excavata</strong></span> <span class='ocrx_word' id='word_1_281' title='bbox 838 3293 867 3347; x_wconf 89' lang='lat' dir='ltr'><strong>iu</strong></span> <span class='ocrx_word' id='word_1_282' title='bbox 886 3292 980 3347; x_wconf 78' lang='lat' dir='ltr'><strong>medic</strong></span> 
     </span>
    </p>
   </div>
   <div class='ocr_carea' id='block_1_7' title="bbox 192 3357 847 3425">
    <p class='ocr_par' dir='ltr' id='par_1_8' title="bbox 192 3357 847 3425">
     <span class='ocr_line' id='line_1_41' title="bbox 192 3357 847 3425; baseline 0.006 -15"><span class='ocrx_word' id='word_1_283' title='bbox 192 3372 251 3410; x_wconf 85' lang='lat' dir='ltr'><strong>rum</strong></span> <span class='ocrx_word' id='word_1_284' title='bbox 264 3358 362 3425; x_wconf 69' lang='lat' dir='ltr'><strong>imese,</strong></span> <span class='ocrx_word' id='word_1_285' title='bbox 382 3357 427 3414; x_wconf 88' lang='lat' dir='ltr'><strong>bic</strong></span> <span class='ocrx_word' id='word_1_286' title='bbox 438 3359 499 3416; x_wconf 85' lang='lat' dir='ltr'><strong>alas</strong></span> <span class='ocrx_word' id='word_1_287' title='bbox 519 3378 569 3417; x_wconf 87' lang='lat' dir='ltr'><strong>vo·</strong></span> <span class='ocrx_word' id='word_1_288' title='bbox 601 3374 643 3421; x_wconf 84' lang='lat' dir='ltr'><strong>est</strong></span> <span class='ocrx_word' id='word_1_289' title='bbox 651 3361 754 3424; x_wconf 78' lang='lat' dir='ltr'><strong>Punica</strong></span> <span class='ocrx_word' id='word_1_290' title='bbox 766 3361 847 3415; x_wconf 78' lang='lat' dir='ltr'><strong>scies.</strong></span> 
     </span>
    </p>
   </div>
   <div class='ocr_carea' id='block_1_8' title="bbox 0 0 1012 3780">
    <p class='ocr_par' dir='ltr' id='par_1_9' title="bbox 0 0 1012 3780">
     <span class='ocr_line' id='line_1_42' title="bbox 0 0 1012 3780; baseline 0 1"><span class='ocrx_word' id='word_1_291' title='bbox 0 0 1012 3780; x_wconf 95' lang='lat' dir='ltr'><strong> </strong></span> 
     </span>
    </p>
   </div>
  </div>
 </body>
</html>
