2062 3786
66 370 159 420 Meretri

44 433 160 478 sententia

43 492 71 536 dc
102 491 159 540 Sci-

40 549 122 611 plone.

177 252 239 322 152
390 252 729 323 T1T1L1V11

214 353 313 416 XVll.
335 355 403 425 llas
423 376 587 435 quanquam
608 359 716 432 partim
730 378 822 432 vera,
850 363 960 442 partim

176 437 381 510 (18)mista,
407 455 501 512 eoque
526 435 634 495 similia
656 438 735 497 veris
757 439 960 516 jactabantur,

174 515 246 574 vicit
262 526 358 575 tumen
371 517 408 592 Q.
425 513 539 574 Metelli
552 516 698 574 sententia
711 537 717 574 ε
735 518 832 596 quide
850 511 980 582 ceteris

173 592 308 654 Maximo
319 612 474 665 assensus,
495 593 531 653 de
546 595 695 673 Scipionis
712 599 798 657 causi
809 599 963 664 dissensit.

177 673 234 751 Qui
258 678 331 734 enim
353 677 495 734 conuenire
517 717 526 746 ,
555 696 635 755 quem
659 678 737 735 modi
761 680 858 738 ciuitas
879 682 960 747 iuue-

172 773 234 810 nem
261 756 407 814 udmodirm
432 798 441 827 ,
480 774 564 812 unum
593 761 785 835 recuperande
811 758 960 835 Hispanioe

172 829 315 911 delegerit
343 839 465 906 ducem,
493 855 605 914 quem,
640 835 747 912 receptui
774 835 810 892 el>
830 835 957 893 hostibus
1008 893 1012 907 ,

172 910 312 989 Hisponiri
335 957 346 985 ,
377 918 415 972 aci
437 916 634 990 imponendum
650 913 753 968 Punico
773 912 847 978 bello
862 915 957 985 finem

171 996 308 1073 creauerit
331 991 470 1050 consulem
497 1031 506 1060 ,
545 1009 593 1066 spe
621 991 803 1048 destinauerit
828 990 957 1049 Anniba·

172 1068 228 1128 iem
253 1092 294 1129 ex
312 1068 401 1128 Italici
431 1070 614 1127 retracturum
636 1110 645 1138 ,
676 1068 802 1140 Africum
824 1069 959 1135 suboctu-

171 1160 234 1208 'rum
252 1193 260 1220 ,
281 1171 343 1209 eum
368 1145 501 1227 repenti,
524 1158 659 1226 tunquam
689 1147 724 1224 Q.
754 1147 926 1227 Piemipiurn
949 1192 959 1219 ,

170 1230 277 1288 indicte
303 1228 386 1287 causti
411 1224 498 1306 propi
524 1229 687 1284 demnatum
712 1269 722 1297 ,
754 1246 795 1286 ex
815 1230 959 1306 provincii

171 1309 295 1379 reuocari
313 1331 325 1366 r
350 1307 409 1364 sirm
427 1328 459 1364 eu
479 1315 542 1389 que
557 1309 585 1363 in
610 1327 641 1364 sc
662 1303 770 1377 nefarie*
785 1311 869 1376 fecto
899 1309 959 1368 Lo-

170 1384 281 1446 crenses
307 1398 520 1468 quererentur,
553 1382 587 1444 ni
605 1398 743 1464 presente
767 1391 876 1466 quidem
900 1388 961 1447 Sci·

165 1471 250 1548 pione
268 1471 352 1538 factu
372 1470 518 1537 dicerent,
542 1487 629 1545 neque
648 1465 727 1524 eliud
743 1466 825 1546 purim
845 1471 961 1551 petien-

168 1550 212 1606 tie
229 1588 238 1617 ‚
262 1559 313 1607 eut
324 1550 435 1627 pudor,
482 1545 534 1604 uid
549 1545 645 1622 legato
663 1549 855 1625 pepercisset,
886 1551 960 1608 insi-

169 1624 278 1687 mulari
289 1660 293 1667 ·
302 1629 416 1708 possiti
452 1568 511 1685 titt
535 1624 648 1704 placere
663 1668 680 1700 ,¹
698 1626 744 1684 M.
773 1628 961 1706 Pomponium

167 1718 350 1787 pretorem,
390 1709 434 1765 cui
460 1704 560 1764 Sicilia
583 1708 723 1785 provincie
748 1703 828 1776 forte¹
856 1710 960 1767 euenis-

170 1798 217 1847 set
240 1830 249 1858 ,
276 1789 378 1846 triduo
402 1786 535 1864 proximo
554 1787 583 1843 in
604 1787 772 1863 prouinciam
789 1789 928 1865 proficisci
949 1805 960 1847 t

171 1865 322 1937 consules,
354 1868 447 1923 decern
476 1863 613 1946 legatos,
637 1884 707 1944 quos
729 1867 765 1924 iis
793 1869 960 1943 uideretur,

167 1962 212 2003 tx
224 1940 323 2003 senatu
341 1943 436 2021 legere
454 1985 463 2011 ,
489 1963 633 2023 quoscum
650 1955 769 2022 pretore
785 1947 960 2021 mitterent,

171 2034 201 2081 et
215 2027 283 2081 duos
296 2020 540 2102 tribunusplebis,
563 2033 648 2103 utque
663 2022 783 2082 edilem.
798 2026 866 2105 (19)
884 2024 959 2086 Cum

171 2123 204 2160 eo
231 2104 346 2163 consilio
379 2113 527 2182 pretorem
562 2122 733 2183 cognoscere.
766 2101 796 2162 Si
833 2127 866 2163 eo
898 2125 959 2185 que

170 2180 325 2244 Locrenses
343 2186 428 2252 fecte
448 2193 628 2263 quererentur
647 2225 655 2254 ‚
677 2184 757 2260 jussu
786 2197 836 2243 uut
860 2186 958 2246 volm-

170 2262 282 2321 toteP.
313 2262 450 2341 Scipionis
466 2268 550 2334 suctu
570 2274 686 2332 essent,
704 2273 736 2320 ut
757 2284 819 2322 eum
839 2269 873 2324 de
893 2288 960 2344 pro-

169 2342 258 2400 uincici
281 2346 414 2402 decedere
431 2340 570 2421 iuberent.
604 2342 638 2399 Si
665 2342 698 2400 P.
724 2340 817 2423 Scipio
837 2347 895 2421 jam
925 2348 957 2401 in

168 2421 300 2493 Africum
318 2424 497 2502 trajecisset,
523 2418 627 2479 tribuni
644 2418 759 2500 plebis,
784 2435 815 2480 et
833 2443 866 2480 ue
883 2425 957 2481 udi·

169 2498 210 2561 lis
225 2544 234 2572 ,
247 2521 319 2577 'cum
339 2499 445 2559 duobus
467 2499 598 2581 legatis,
624 2523 694 2580 quos
711 2503 835 2561 maxime
849 2513 958 2580 pretor

167 2578 284 2644 'idoneos
302 2583 477 2650 censuisset,
498 2582 527 2638 in
549 2578 677 2653 Africum
695 2583 957 2661 proficiscerentur:

143 2690 148 2698 ·
170 2658 277 2719 tribuni
294 2660 379 2741 etque
403 2658 522 2732 edilis,
555 2663 604 2739 qui
625 2665 787 2721 reducerent
813 2662 877 2721 imit
899 2662 959 2722 Sci·

165 2742 281 2819 pionem
306 2761 317 2797 .·
341 2739 455 2818 iegati,
486 2742 535 2821 qui
557 2738 886 2820 exercituiprcessent,
910 2747 958 2802 do·

169 2840 220 2896 nec
238 2840 322 2877 nouus
340 2821 491 2900 imperator
510 2824 549 2879 ad
570 2842 631 2880 eum
650 2824 805 2879 exercitum
822 2824 956 2882 uenisset.

172 2896 223 2959 Sin
244 2898 289 2958 M.
321 2899 490 2979 Pomponius
512 2913 542 2960 et
572 2904 665 2959 decem
690 2898 780 2976 iegati
808 2904 958 2978 comperis·

170 2991 254 3052 sent,
273 3000 360 3060 neque
371 2982 474 3061 jussu,
495 3001 581 3059 neque
595 2979 737 3041 voluntate
757 2978 791 3036 P.
814 2975 956 3060 Scipionis

165 3144 168 3149 ,
209 3093 240 3144 ι8
260 3093 395 3161 (Missa)
413 3093 456 3145 Ex
475 3092 545 3144 vocis
577 3091 653 3157 pioni
677 3088 860 3154 obiiciantur,
891 3111 957 3149 cum

172 3159 305 3229 falsisque.
579 3157 690 3208 tribunis
701 3158 786 3224 plebis
800 3195 806 3220 ,
828 3160 899 3211 odili
909 3198 915 3221 ,
926 3176 957 3214 et

209 3245 240 3294 ¹9
262 3231 272 3293 (
292 3227 362 3278 cum
378 3244 411 3278 eo
427 3223 545 3283 consilio
580 3224 670 3275 decem
691 3223 804 3342 Ιοῆατὶε,
822 3228 866 3295 qui
885 3243 957 3278 con.

172 3309 318 3364 proetorern
343 3309 512 3364 cognoscere
533 3293 544 3357 )
580 3292 633 3343 silil
643 3293 703 3353 loco
715 3309 725 3343 ι
737 3292 755 3342 li
766 3294 820 3343 sint
830 3332 837 3360 ,
848 3304 875 3343 et
884 3307 958 3363 cutt-¹

174 3364 318 3412 Proetorem
355 3360 486 3426 inquirere
521 3371 547 3410 et
580 3358 818 3416 siliariiassideant.

174 3439 286 3481 statuere
307 3427 345 3481 de*
358 3427 392 3480 iis
413 3440 471 3495 ques
487 3422 547 3481 sci-
