2016 3780
220 124 519 228 vannnunnn
565 155 651 227 LV.
701 138 705 143 ⁸
775 168 836 230 181

55 260 170 335 italie,
195 276 224 323 et
245 286 295 323 nos
313 263 417 336 Africa
434 266 549 344 imperio
567 266 690 324 contenti
705 284 839 324 essemus.

56 346 154 426 Neque
173 349 245 404 enim
264 342 298 402 ne'
315 344 389 403 uobis
407 348 517 424 quidem
537 343 635 403 Sicilia
654 366 687 403 ac
707 344 838 404 Sardinia

56 431 128 487 satis
141 429 227 505 dignu
237 427 329 504 pretia
343 437 407 484 sunt
416 447 467 503 pro
480 437 522 484 tot
533 424 686 495 classibus,
704 437 745 484 tot
756 447 839 483 exer-

55 511 171 578 citibus,
183 518 225 578 tot
239 516 297 563 tam
310 507 554 583 egregiisumissis
565 509 688 564 ducibus.
704 504 760 564 Sed
768 526 839 582 prce·

55 591 141 648 terito
152 590 246 667 magis
258 587 419 664 reprebendi
427 598 560 664 possunt,
572 584 655 664 quim
668 588 780 663 corrigi.
792 582 838 642 Itd

55 668 149 729 aliena
164 669 370 745 appetiuimus,
395 677 426 724 ut
446 670 480 724 de
500 669 602 724 nostris
622 667 840 735 dimicaremus,

55 770 105 811 nec
120 750 148 806 in
164 746 249 806 Italici
262 745 349 804 solim
364 744 440 805 uobis
453 744 581 816 bellum,
604 744 681 805 nobis
696 748 725 802 in
740 743 839 820 Africi

54 841 129 888 esset
144 849 154 885 c
171 832 222 887 sed
234 838 264 884 et
276 848 323 885 uos
337 829 366 885 in
380 828 471 905 portis
485 830 584 884 vestris
596 824 682 906 propi
696 847 729 883 oe
741 826 839 884 mani-

54 907 106 969 bus
118 909 199 986 signa
211 926 344 987 armaque
355 906 474 966 bostium
485 908 595 966 uidistis
603 950 612 977 ,
621 919 651 966 et
661 927 710 964 nos
720 910 756 964 ab
770 903 840 964 Car·

55 988 171 1065 thagine
180 990 327 1056 fremitum
343 999 495 1046 castrorum
511 987 699 1046 Romanorum
715 988 838 1045 exaudi-

54 1088 126 1126 mus.
150 1067 232 1144 Quod
244 1068 332 1143 igitur
346 1089 396 1125 nos
407 1063 535 1125 maxine
545 1064 777 1139 abominaremur,
791 1087 839 1125 vos

54 1143 120 1207 anti
135 1149 228 1206 omniu
241 1149 398 1221 optaretis,
416 1149 443 1205 in
455 1144 569 1239 meliqre
580 1146 791 1214 vestrdfortund
802 1149 840 1206 de

52 1248 123 1307 paee
134 1230 231 1305 agitur
244 1247 255 1283 r
272 1229 384 1304 agimus
397 1229 419 1285 ii
431 1270 440 1297 ,
455 1247 571 1306 quarum
582 1238 612 1285 et
623 1222 749 1285 maxime*
765 1229 839 1285 inte·

56 1319 114 1366 rest
126 1328 222 1386 pacem
242 1328 323 1377 esse,
346 1318 376 1365 et
398 1309 446 1443 qui
468 1310 656 1386 quodcumqae
675 1310 839 1386 egerimus,

56 1389 392 1447 rutumciritatesnostra
417 1384 535 1444 abitura
542 1389 608 1444 sint.
619 1387 718 1444 Animo
728 1389 838 1447 tantine

54 1465 132 1527 nobis
147 1471 215 1546 opus
226 1478 332 1527 estnon
345 1464 509 1527 abhorrente
520 1465 537 1522 ci
547 1469 650 1544 quietis
662 1466 797 1527 consiliis.

95 1597 133 1660 V.
154 1596 234 1677 Quod
249 1601 287 1656 ad
301 1618 346 1656 me
360 1601 485 1668 attinet,
506 1597 567 1678 jam
587 1607 675 1668 atas,
695 1616 786 1656 senem
808 1599 839 1656 in

51 1680 175 1760 patriam
197 1690 399 1750 reuertentem,
427 1674 498 1736 unde*
511 1697 583 1756 puer
595 1680 738 1755 profectus
752 1699 811 1736 sum
826 1720 837 1750 ,

51 1763 112 1839 jam
133 1762 277 1832 secunda,
296 1760 352 1824 iam
367 1763 489 1819 adverse
506 1779 571 1829 res,
591 1756 632 1818 itd
655 1761 840 1830 erudierunt,

54 1852 87 1898 ut
102 1844 236 1899 rationem
252 1843 331 1920 sequi
347 1839 428 1920 quim
439 1843 586 1911 fortunam
607 1838 714 1898 malim.
748 1838 840 1912 Tuom

54 1932 83 1978 et
93 1920 310 1981 adolescentiam
324 1964 332 1990 ,
348 1933 377 1979 et
387 1931 549 2001 perpetuam
554 1921 725 1989 felicitatem
735 1962 744 1991 ,
755 1922 837 1988 sero-

55 2001 128 2056 ciora
144 2011 284 2080 utroque,
307 1999 388 2078 qubm
406 2001 508 2078 quietis
522 2021 590 2076 opus
605 2000 749 2069 consiliio,
776 2019 837 2057 mc-

54 2088 111 2136 tuo.
134 2077 191 2151 (3)
217 2079 278 2136 Non
299 2075 402 2136 temeri
427 2081 533 2137 incerta
561 2097 675 2135 casuum
697 2089 837 2158 reputat,
922 2094 924 2099 ·

54 2176 134 2236 quem
149 2161 272 2227 fortuna¹
290 2177 428 2236 nunquam
450 2156 568 2234 decepit.
605 2157 687 2234 Quod
712 2179 765 2237 ego
786 2161 837 2229 fui

54 2239 92 2296 ad
117 2236 334 2308 Trasimenum,
364 2240 402 2295 ad
425 2233 561 2306 Cannas,
591 2238 621 2294 id
642 2249 672 2296 tu
693 2234 772 2296 bodie
793 2258 837 2298 es.

58 2316 186 2378 Vixdum
206 2315 327 2375 militari
346 2327 429 2375 etate
449 2318 565 2398 irnperio
585 2329 721 2396 accepto,
743 2323 838 2378 omnia

53 2395 239 2456 audacissime*
253 2398 428 2476 incipientem
443 2417 577 2478 nusquam
586 2396 700 2467 fefellit
706 2401 838 2469 fortuna.

54 2479 154 2535 Patris
174 2490 203 2536 et
219 2480 316 2556 patrui
331 2490 496 2556 persecutus
523 2488 664 2550 nortem,
691 2477 728 2536 ab
756 2478 837 2537 caia·

55 2559 155 2615 mitate
174 2569 272 2616 uestra
292 2559 387 2616 domis
406 2562 490 2617 decus
509 2558 619 2633 insigne
639 2561 750 2618 virtutis
773 2563 839 2639 pie=

54 2638 179 2716 tutisque
197 2637 312 2694 eximin
332 2640 430 2715 cepisti
450 2660 461 2694 r
485 2640 604 2713 amissas
620 2635 773 2716 Hispanias
789 2661 835 2698 re-

55 2719 215 2794 cuperasti,
240 2727 360 2795 quatuor
380 2713 445 2776 toti
458 2717 570 2776 Punicis
584 2718 756 2778 exercitibus
769 2719 837 2798 pul·
877 2730 884 2749 ⁸

54 2797 124 2853 sis:
146 2794 241 2854 consul
260 2808 397 2869 creatus,
424 2799 483 2857 ciem
504 2799 604 2857 ceteris
625 2802 663 2858 ad
685 2803 836 2859 tutandam

53 2872 168 2933 Italiam
181 2898 283 2954 parum
294 2879 381 2936 anim-i
392 2889 484 2950 esset,
505 2890 697 2956 transgressus
714 2884 742 2939 in
756 2879 838 2949 Afri·

55 2973 138 3026 cam,
159 2955 265 3016 duobus
281 2957 325 3016 bie
340 2956 513 3018 exercitibus
532 2961 628 3023 ensis,
651 2959 723 3017 binis
739 2959 836 3019 aridem

54 3033 120 3094 boni
142 3038 230 3114 captis
249 3039 335 3096 simul
354 3040 526 3119 incensisque
552 3042 677 3110 castris,
708 3038 837 3117 Syphace
925 3068 927 3072 ³

52 3116 245 3195 potentissimo
267 3138 335 3197 rege
354 3131 435 3198 capto
445 3163 455 3192 ,
473 3132 516 3179 tot
531 3119 643 3179 urbibus
660 3123 741 3201 regni
756 3123 840 3204 ejas,

90 3296 104 3344 3
127 3295 213 3359 (an
235 3297 335 3350 eernere'
346 3298 368 3364 )'
381 3296 462 3351 Rarb.

361 3488 387 3521 s
713 3450 895 3528 ..d
