2016 3780
237 131 519 202 Nannarie
565 124 701 209 ΧΙΧ.
792 152 838 219 97

54 241 196 304 stationes
217 246 318 316 posset
344 254 351 292 :
374 233 443 292 crim
461 231 585 311 repente
601 231 715 307 juvenis
732 227 840 289 Roma·

38 324 111 381 'nus
126 319 320 378 admiratione
336 314 367 372 in
383 331 415 371 se
435 312 516 370 cives
538 309 696 388 hostesque
718 329 842 369 conver·

56 405 105 461 tit.
128 394 314 458 Sacrificium
336 403 397 451 erat
412 403 518 451 statum
538 391 567 448 in
591 390 741 469 Quirinali
765 389 843 449 colle

56 481 142 561 genti
155 478 266 537 Fabiae.
280 472 325 535 Ad
338 474 368 533 irl
379 471 545 533 laciendum
556 471 591 533 C.
605 471 712 532 fabius
724 471 843 543 Dorso,

59 566 127 638 (2)
150 557 268 618 Gabino
288 555 386 614 cinctu
411 597 421 625 ‚
456 570 537 611 sacra
558 552 692 611 manibus
713 571 843 628 gerens,

59 640 129 705 crim
149 636 186 698 de
211 635 366 716 Capitolio
387 629 585 692 descendisset
610 675 620 703 ‚
647 652 704 711 per
730 631 844 691 medias

60 719 192 779 hostium
208 717 350 777 stationes
361 731 521 790 egressus,
542 711 618 771 nihil
629 712 665 772 ed
675 731 777 771 vocem
794 731 844 773 cu·

57 803 191 880 jusqnam
219 808 397 856 terroremve
431 802 561 864 motus,
593 793 625 851 in
655 791 844 871 Quirinalem

58 878 165 952 collem
193 877 327 956 pervenit
353 901 363 949 ς
394 873 495 952 ibique
517 873 655 934 omnibus
682 873 843 934 solenniter

56 960 209 1042 peractis,
231 956 337 1016 elidem
355 965 523 1024 revertens,
540 954 682 1012 similiter
696 955 844 1014 constanti

59 1038 142 1097 vultu
166 1037 337 1117 graduque,
373 1034 444 1094 satis
466 1052 587 1113 sperans
609 1035 755 1114 propitios
778 1053 844 1094 esse

57 1117 157 1188 deos,
182 1135 308 1194 quorum
322 1111 434 1174 cultum
453 1133 490 1172 ne
508 1116 612 1173 mortis
625 1112 744 1191 quidem
760 1126 844 1174 mete

58 1196 231 1281 prohibitus
250 1195 448 1262 deseruisset,
475 1194 506 1251 in
527 1195 709 1275 Capitolium
723 1193 758 1253 ad
775 1210 846 1257 suos

57 1278 152 1337 rediit
170 1296 177 1335 z
195 1295 246 1335 seu
264 1275 396 1335 attonitis
417 1271 513 1334 Gallis
533 1275 676 1337 miraculo
690 1273 844 1349 audaciae,

11 1392 33 1402 -
58 1376 114 1416 seu
129 1355 274 1434 religione
288 1357 378 1414 etiam
391 1358 497 1426 motis,
523 1358 605 1437 cujus
621 1355 844 1436 haudquaquam

62 1433 216 1511 negligens
238 1447 284 1494 est
302 1453 385 1510 gens.

59 1537 62 1543 ’
104 1514 156 1578 Vl.
184 1514 269 1575 Veiis
289 1513 437 1586 interim,
474 1533 531 1572 non
558 1515 647 1572 animi
675 1515 789 1574 tantum
812 1513 845 1572 in
891 1541 968 1594 γὼ,

60 1594 152 1666 dies,
177 1591 339 1652 sedetiam
357 1591 432 1652 vires
454 1594 632 1653 crescebant.
661 1597 723 1654 Nec
741 1596 846 1654 lloma·
857 1619 941 1672 :qma-

61 1681 110 1739 nis
127 1672 224 1732 solnm
243 1675 279 1731 eo
291 1673 533 1741 conuenientibus
556 1694 593 1732 ex
606 1673 705 1752 agris,
727 1678 778 1755 qui
797 1686 845 1732 aut
856 1675 976 1770 ῗωξῑψ·

62 1754 169 1835 prelio
188 1753 331 1824 adverso,
366 1764 415 1811 aut
434 1753 517 1812 clade
538 1765 633 1833 ceptae
653 1755 733 1814 urbis
753 1753 843 1837 palati
856 1741 972 1839 mnf·

63 1834 199 1906 fuerant,
224 1831 380 1893 sedetiam
401 1854 437 1892 ex
461 1834 548 1894 Latio
574 1833 747 1896 voluntariis
772 1854 845 1896 con-

55 1913 242 1984 liuentibus,
269 1923 302 1974 ut
318 1917 350 1973 in
370 1927 456 1995 parte
473 1915 580 1976 Praedae
593 1928 690 1975 essent.
708 1963 716 1989 ‚
748 1926 845 1975 matu·

57 2013 128 2055 rum
141 1996 198 2070 jam
214 1993 366 2054 videbatur
378 1997 472 2072 repeti
486 2000 634 2073 patriam,
656 1998 793 2076 eripique
804 2016 845 2055 est
933 2072 937 2077 μ

63 2073 195 2131 hostium
225 2075 369 2132 manibus.
398 2073 456 2132 Sed
484 2078 602 2154 corpori
627 2075 725 2134 valido
752 2086 846 2156 caput

65 2150 176 2208 deerat.
207 2150 304 2209 Locus
328 2153 392 2229 ipse
431 2151 606 2213 admonebat
632 2155 785 2226 Camilli,
815 2164 848 2214 et

67 2247 171 2305 magua
186 2232 254 2306 pars
274 2227 403 2287 militum
420 2243 507 2304 erat,
533 2236 584 2312 qui
596 2233 683 2292 ductu
695 2234 848 2314 auspicio-

16 2319 20 2326 '
65 2328 125 2386 que
140 2310 202 2387 ejus
219 2327 267 2368 res
280 2311 424 2390 prospere
446 2323 595 2386 gesserant
611 2338 621 2384 ;
654 2324 684 2371 et
702 2311 849 2390 Caedicius

56 2389 114 2466 Ι(3)
124 2407 231 2466 negare
241 2407 273 2448 se
288 2390 514 2451 commissurum
528 2412 582 2452 cur
596 2393 655 2452 sibi
668 2405 716 2452 sut
727 2393 850 2453 deorum

66 2479 116 2529 aut
137 2467 289 2527 hominum
311 2469 463 2549 quisquam
486 2473 646 2552 imperium
674 2471 772 2534 finiret
795 2494 850 2555 po-
933 2505 939 2530 .-

67 2551 154 2619 tiirs‚
183 2549 272 2626 quim
290 2550 354 2628 ipse
375 2556 489 2610 memor
508 2550 618 2611 ordinis
642 2556 688 2613 sui
714 2565 852 2635 posceret

69 2631 293 2708 imperatorem.
325 2630 475 2691 consensu
510 2633 642 2694 omnium
677 2636 791 2717 placuit
815 2637 853 2696 ab

104 2753 249 2840 qualino
261 2753 448 2821 caecumine·
513 2761 528 2810 3
542 2761 552 2825 (
560 2762 678 2832 Negare
686 2781 717 2814 se
724 2763 854 2818 commis-

70 2832 113 2874 nu
121 2820 242 2874 (sabinus
250 2821 314 2883 fuit,
324 2820 384 2883 clam
394 2840 447 2875 une
479 2842 576 2879 surum
585 2831 662 2895 cur.)
673 2830 803 2883 Usitatius
814 2831 855 2884 fo-

71 2901 139 2957 togae
152 2889 252 2956 lacinia
266 2906 346 2953 supra
356 2887 448 2941 hume·
481 2904 521 2943 ret
535 2905 573 2946 nt.
592 2894 725 2947 Caedicius
741 2898 856 2950 declaret

70 2972 129 3007 rum
143 2957 289 3020 sinistrum·
299 2957 328 3006 in
347 2968 447 3026 tergum
481 2957 531 3011 sibl
545 2976 620 3012 cur-e
632 2962 858 3031 foreneexpectet

72 3022 169 3088 reiecta
190 3059 197 3085 ,
226 3023 294 3074 infre
306 3022 447 3083 humerum
481 3027 543 3078 dum
558 3028 609 3079 sibi
618 3030 650 3080 ab
660 3031 713 3082 alio
724 3033 811 3098 aliquo
822 3031 858 3080 si-

74 3089 194 3140 dextrum
215 3090 252 3141 ita
279 3091 450 3143 revocabatur
482 3111 515 3145 vs
527 3093 638 3146 homine
653 3096 759 3148 liniatur
774 3099 860 3160 impe-

74 3156 108 3222 ed
132 3169 243 3222 pectus,
266 3169 295 3207 ut
313 3157 450 3210 hominem
483 3160 571 3222 rium,
589 3163 635 3212 sed
650 3163 738 3229 petiis
758 3174 785 3211 ut
802 3163 860 3226 ipse

78 3221 213 3289 cingeret:
233 3224 296 3274 inde
313 3236 374 3294 toga
394 3225 452 3276 bre-
484 3240 608 3292 posceret
641 3228 828 3295 imperatorem
853 3266 861 3294 ,
905 3227 908 3231 ’

80 3285 138 3340 vior
150 3302 175 3339 et
195 3291 346 3347 adstrictior
363 3291 452 3351 fiebat.
486 3293 565 3364 sique
584 3293 672 3350 libens
691 3304 801 3360 pareret.

160 3355 232 3434 Pars
250 3357 275 3420 l.
552 3423 556 3431 ,
678 3361 705 3424 E
