2016 3780
150 162 210 209 112
367 135 497 206 Trai
544 135 644 206 Lrv
660 161 704 204 11

146 239 299 301 morabilis
313 284 321 314 ,
334 249 396 300 turn
415 241 468 299 illa
486 240 636 320 praecipue'
658 235 764 319 pugni.
780 236 838 298 llle
856 257 936 320 pug.

145 333 247 381 nantes
266 322 406 380 hortando
419 364 427 392 ,
438 323 604 400 pariterque
615 319 749 379 obeundo
763 321 903 399 pericula
922 366 936 394 ,

146 404 308 463 sustinuit:
326 400 378 459 ille
405 401 497 459 fessos
521 445 529 472 ‚
551 401 768 480 abnuentesque
795 400 893 459 taedio
905 413 939 462 et

144 484 269 554 labore,
286 501 363 539 nunc
385 481 528 560 precando
547 499 646 554 ,nunc
673 479 868 558 castigand0‚
883 502 939 541 ac-

145 564 242 623 cendit
269 582 275 620 :
298 562 351 619 ille
372 561 518 638 fugientes
542 564 710 639 revocarit,
731 562 941 640 omissamque·

167 662 273 718 ugnam
295 642 406 720 aliquot
422 643 496 701 locis
512 643 650 703 restituit.
669 643 846 714 Postremi),
863 646 938 702 otim

144 664 218 782 liaurl
234 721 325 781 dubie
336 721 452 783 fortuna
465 724 592 783 hostium
603 734 697 794 esset,
710 724 746 780 ne
760 733 940 802 superesset

76 845 81 854 .
144 814 225 862 tanto
236 805 382 862 exercitui
400 823 483 863 suum
500 823 605 861 nomen
631 814 755 874 secute,
779 804 941 863 concitato

144 903 219 962 equo
241 902 271 942 se
296 885 327 941 in
345 885 496 943 eohortem
520 885 681 942 Romanam
701 882 838 940 immisit.
864 884 939 957 lbi,

142 975 175 1024 ut
190 971 271 1044 patre
287 964 437 1023 Amilcare
457 974 486 1021 et
514 965 660 1022 Annibale
687 961 776 1022 fratre
806 962 939 1042 dignum

142 1055 219 1115 erat,
244 1063 375 1124 pugnans
391 1043 508 1105 cecidit.

181 1147 313 1210 XXVII.
331 1150 484 1226 Nunquam
508 1167 545 1204 eo
559 1146 641 1206 bello
657 1146 713 1205 uni
735 1146 800 1206 acie
814 1151 936 1208 tantiam

142 1227 270 1287 bostium
286 1227 471 1309 interfeqtum
492 1238 557 1300 est,
571 1228 739 1308 redditaque
758 1247 842 1305 aequa
859 1230 938 1290 Can-

142 1309 225 1370 nensi
246 1307 359 1380 clades,
376 1308 421 1367 vel
441 1309 542 1379 ducis,
559 1308 605 1366 vel
622 1306 768 1367 exercitiis
781 1308 937 1384 interitu,

141 1389 306 1452 videbatur.
325 1389 550 1468 Quinquaginta
564 1408 616 1448 sex
627 1387 721 1448 millia
732 1389 865 1448 hostium
877 1409 935 1450 oc-

141 1471 228 1530 cisa:
250 1479 336 1550 capta
368 1471 497 1549 quinque
527 1469 621 1530 millia
649 1479 678 1528 et
706 1465 935 1549 quadringenti.

143 1551 262 1612 Civium
275 1551 365 1610 etiarn
382 1550 599 1622 Romanorum,
613 1551 664 1629 qui
681 1551 760 1628 capti
774 1554 853 1629 apud
864 1550 938 1610 hos-

142 1642 186 1691 tes
198 1641 294 1704 erant,
311 1631 398 1712 suprl
408 1631 634 1713 quatuormillia
648 1632 781 1712 capitum
796 1642 936 1711 recepta.

67 1738 75 1747 ⁹
139 1713 176 1773 ld
189 1711 287 1770 solatii
308 1712 363 1771 luit
383 1732 437 1792 pro
452 1709 566 1769 arnissis
588 1730 624 1769 eo
641 1708 744 1792 praelio
762 1710 929 1771 militibus.

140 1792 218 1851 Nam
231 1791 451 1869 haudquaquam
466 1792 618 1851 incruenta
631 1793 757 1852 victoria
773 1789 830 1851 luit
842 1812 848 1849 :
862 1804 937 1852 octo

140 1870 234 1929 ferme
251 1869 342 1928 millia
367 1870 567 1929 Romanorum
583 1871 792 1950 sociorumque
819 1872 937 1932 occisa.

141 1949 283 2029 Adeoque
311 1949 399 2008 etiam
437 1951 564 2010 victores
600 1952 748 2030 sauguinis
783 1952 936 2032 credisque

142 2042 262 2111 ceperat
280 2032 384 2101 satias,
400 2032 446 2108 (8)
470 2042 501 2090 ut
521 2043 642 2112 postero
665 2032 738 2105 die,
765 2034 936 2094 comesset

141 2111 308 2170 nuntiatum
339 2111 431 2172 Livio
454 2112 600 2185 consuli,
623 2111 728 2174 Gallos
754 2111 932 2192 Cisalpinos

142 2191 343 2273 Liguresque,
359 2196 410 2274 qui
431 2203 480 2252 aut
498 2190 602 2274 prelio
621 2212 679 2251 non
693 2189 863 2266 siluissent,
882 2205 936 2253 aut

85 2304 86 2307 =
141 2272 219 2333 inter
253 2274 362 2334 cadem
392 2271 592 2351 effugissent,
621 2292 678 2332 uno
705 2274 822 2349 agmine
845 2274 935 2333 abire

140 2354 205 2412 sine
228 2363 311 2412 certo
338 2351 442 2426 duce,
474 2353 538 2411 sine
573 2353 692 2428 signis,
724 2349 787 2411 sine
825 2354 960 2420 ordine¹

60 2483 64 2488 .
140 2433 217 2505 ullo,
238 2443 289 2492 aut
308 2431 457 2512 irnperi03
474 2450 582 2511 posse,
600 2434 626 2492 si
646 2433 692 2513 (9)
711 2452 766 2490 una
790 2437 933 2511 equitum

140 2513 187 2572 ala
198 2513 332 2571 mittatur
344 2557 353 2584 ,
364 2529 465 2571 omnes
479 2511 573 2570 deleri
590 2533 596 2570 :
617 2510 761 2591 Supersint
777 2558 786 2586 ,
803 2514 908 2595 inquit
924 2561 938 2591 ,

140 2595 230 2676 aliqui
239 2596 343 2667 nuncii,
359 2606 387 2652 et
400 2594 519 2654 bostium
531 2590 622 2652 cludis
634 2637 643 2667 ,
654 2604 684 2652 et
693 2607 791 2653 nostru
806 2592 934 2660 uirtutis.

60 2764 85 2796 m
96 2751 128 2795 aa
180 2685 326 2749 XXVllI.
341 2686 421 2746 Nero
442 2685 477 2745 el
488 2681 575 2745 nocte
592 2704 655 2764 quae
677 2697 778 2746 secuta
791 2698 836 2746 est
852 2709 935 2770 pug.

58 2809 99 2854 .„¹,
174 2788 189 2840 8
214 2788 224 2853 (
248 2787 284 2838 Ut
303 2802 413 2857 postero
439 2788 516 2842 die...
551 2789 644 2843 Simile
661 2786 937 2857 lere'eremplumre-

58 2866 128 2915 tradit
141 2854 305 2925 Supersint,
328 2853 441 2924 iuquit)
456 2858 517 2909 Par·
550 2858 635 2923 peries
646 2860 714 2926 apud
729 2860 787 2911 cic.
798 2860 831 2911 L.
846 2863 883 2912 11.
897 2865 939 2916 de·

142 2923 224 2974 ticula
246 2934 275 2971 ut
297 2921 441 2987 postularet
458 2940 517 2974 uor-
551 2924 716 2977 0111113.
785 2939 786 2943 ’

139 2990 203 3041 bum
221 2987 383 3056 subjunctivi
397 3025 404 3052 ,
418 3002 448 3040 ut
468 3007 517 3039 vo·
583 2991 700 3056 9(Una
718 2990 841 3060 equitum
860 2993 937 3063 alal

138 3071 203 3111 cant
224 3095 229 3116 ‚
250 3057 324 3108 modi
355 3055 430 3126 quale
459 3073 516 3106 esse
549 3057 601 3108 Ala
612 3059 728 3124 equiturn
743 3058 938 3113 Romanorum

136 3124 261 3185 dixerit,
283 3123 463 3192 responderit.
480 3124 516 3175 At
549 3123 641 3174 decem
665 3138 760 3176 turmas
786 3125 901 3180 habebat
922 3149 939 3188 ;·.

136 3206 243 3258 propter
253 3193 437 3258 interpositam
456 3192 515 3242 lon·
548 3203 651 3255 turma,
675 3195 781 3264 triginta
799 3192 856 3244 sere:
874 3195 933 3247 ho-

127 3275 197 3321 πω
212 3260 374 3324 periodum,
394 3258 450 3326 ejus
473 3276 515 3309 ra·
547 3261 643 3314 mines
738 3260 742 3267 ’

136 3326 241 3378 1111111111
247 3341 303 3378 111111
315 3327 520 3399 hqbuitLittiuss
