2062 3786
15 339 20 345 ἱ
170 250 236 334 196
374 245 505 316 'l'rat
552 247 706 318 L1v11

166 346 362 410 Numidarum
380 349 673 428 Carthaginiensibus
685 361 800 422 essent,
818 349 963 413 dirimen-

167 429 231 490 das
262 430 294 489 ld
312 429 457 488 'creditum
481 432 589 508 uulgb;
613 431 787 490 Annibalem
814 452 906 492 unum
926 455 960 494 se

166 512 231 594 peti
259 511 295 568 ab
318 510 459 568 Romanis
482 531 539 567 non
564 509 704 584 fallebat;
731 523 760 569 et
784 512 824 570 ita
849 532 962 590 pacem

165 589 460 665 Carthaginiensibus
486 589 586 650 datam
608 609 693 663 esse,
715 602 748 649 ut
765 590 960 671 inexpiabile

166 669 277 731 bellum
294 669 431 731 adversus
451 689 482 733 se
499 683 749 743 unummaneret.
779 672 881 751 ltaque
905 692 961 732 ce·
1015 715 1021 727 .

165 751 235 809 dere
253 751 397 829 tempori,
417 763 447 813 et
460 752 583 812 fortunae
596 753 697 813 statuit
709 778 718 826 3
729 764 771 812 =et
781 753 961 834 praeparatis

138 872 143 915 ,
164 834 225 926 jam
241 832 378 893 omnibus
395 835 461 893 ante
477 833 511 892 ad
526 833 649 912 lugam,
672 833 840 894 obversatus
853 853 890 891 eo
906 832 961 893 die
1021 859 1027 866 ⁵

163 929 197 972 tn
213 910 296 984 loro,
322 911 490 973 avertenda·
507 913 687 994 suspicionis
710 914 819 985 causti,
846 913 960 990 primis

163 992 297 1071 tenebris
316 994 422 1053 vestitu
438 991 548 1052 lorensi
570 991 607 1052 ad
625 1003 741 1072 portam
756 1013 827 1053 cum
841 991 959 1055 duobus

165 1074 328 1134 comitibus
347 1075 460 1152 ignaris
485 1070 606 1152 consilii
631 1085 676 1133 est
699 1092 863 1153 egressus,
890 1075 959 1134 ins·
995 1097 1003 1103 ’

165 1155 321 1234 tractique
345 1156 472 1232 remigio
494 1165 640 1235 exceptus
661 1155 750 1228 navi,
773 1152 875 1214 Africi
899 1174 959 1212 ex-

164 1236 274 1308 cessit,
298 1233 406 1319 saepiirs
429 1234 532 1319 petria
554 1233 644 1316 quim
661 1236 729 1295 suos
751 1244 872 1295 aventus
895 1234 960 1295 mi'oe

69 1338 71 1342 ⁴
165 1328 290 1384 aeratus.

129 1427 133 1436 ’
206 1421 245 1484 V.
267 1419 394 1480 Romani
415 1417 506 1498 legati
529 1417 596 1482 cltm
623 1420 655 1480 in
680 1431 785 1483 senatu
804 1418 962 1501 exposuis-

76 1531 78 1534 >
166 1513 263 1574 sent,
295 1500 632 1581 compertuml'atrihus
654 1504 787 1564 Romanis
809 1518 893 1572 esse,
930 1511 962 1564 et

166 1583 331 1664 Philippum
353 1603 449 1661 regem
469 1579 536 1644 onte*
556 1581 595 1641 ah·
611 1583 750 1644 Annibale
766 1577 894 1642 maximi
910 1601 962 1639 aa·

164 1685 280 1728 censum
294 1705 304 1736 ,
319 1661 423 1723 ballam
438 1663 543 1743 populo
558 1664 685 1724 Romano
696 1665 823 1736 facisse,
842 1674 871 1722 et
887 1681 963 1719 nuno

168 1745 303 1816 litteras,
328 1747 496 1824 nuntiosque
513 1742 548 1804 uh
570 1765 601 1802 eo
618 1749 658 1805 atl
678 1743 843 1804 Antiochum
862 1762 965 1819 regam

162 1829 315 1906 profectos.
344 1823 431 1885 Haucl
451 1830 609 1901 quieturum
630 1824 719 1894 anta',
742 1823 823 1902 quam
852 1821 964 1880 bellum

164 1907 228 1967 'toto
244 1900 308 1962 otha
323 1913 460 1961 terrarum
484 1904 628 1960 concissot.
650 1901 695 1960 Nc
719 1901 762 1959 his
781 1899 882 1962 debera
904 1900 967 1959 ina-

166 2005 241 2073 pune
264 1976 350 2054 osse,
380 1985 406 2041 si
429 1982 489 2057 (14)
515 1983 681 2051 satisfacere
706 1979 963 2058 Carthaginienses

166 2063 272 2152 populo
288 2065 414 2123 Romano
426 2059 562 2133 ‘vatiaum
584 2061 656 2121 nihil
671 2083 763 2120 aarum
785 2060 836 2120 suci
862 2061 964 2124 uolua.

170 2158 232 2212 tate
253 2189 261 2217 ,
281 2166 330 2209 nec
348 2143 459 2224 publico
475 2141 590 2202 consilio
601 2144 713 2212 factum
728 2162 788 2201 esse
801 2165 811 2200 a
834 2140 962 2201 Cartha-

157 2226 321 2303 'ginienses
338 2221 578 2303 responderunt,
602 2221 743 2301 quicquid
758 2239 874 2301 aequum
890 2239 963 2282 cen·

171 2306 298 2371 suissent
314 2303 459 2374 Romani,
477 2301 605 2362 facturos
620 2321 696 2364 esse.

212 2410 266 2472 Vl.
283 2407 409 2468 Annibal
420 2426 566 2486 prospero
578 2424 665 2466 cursu
677 2407 790 2488 Tyrum
803 2404 939 2489 pervenit
953 2427 961 2470 ς

171 2500 375 2571 'exceptusque
389 2488 405 2546 A
420 2486 622 2547 conditoribus
638 2488 843 2565 Carthaginis,
855 2487 887 2544 ut
900 2485 964 2547 alia

135 2576 137 2582 '
171 2572 291 2661 patria,
308 2571 354 2630 vir
370 2579 428 2628 tam
450 2567 545 2628 clarus
565 2568 647 2627 omni
664 2587 773 2646 genere
793 2569 963 2638 honorum,

120 2699 127 2709 .
170 2670 286 2738 paucos
298 2662 427 2710 moratus
446 2648 527 2719 dies,
552 2648 741 2713 Antiochiam
760 2649 890 2727 navigat.
915 2647 960 2709 lbi
994 2649 999 2657 ⁴

171 2730 341 2815 profectum
364 2733 423 2808 jam
449 2726 550 2808 regem
578 2728 647 2790 caim
665 2729 822 2802 audisset,
849 2725 964 2808 Ephesi

173 2833 242 2876 eum
260 2823 306 2873 est
322 2822 518 2885 consecutus,
540 2808 731 2875 fluctuantem
749 2810 845 2871 adhuc
861 2808 961 2867 animo

173 2896 382 2972 insertumque
401 2892 437 2951 de
455 2892 592 2952 Romano
611 2890 702 2952 bello.
726 2890 781 2950 Setl
798 2887 879 2949 haud
895 2905 963 2968 pan·

105 3034 108 3040 ,
173 2995 243 3036 vum
270 2985 455 3036 momentum
478 2976 579 3033 animo
606 2974 670 3053 ejus
696 2970 737 3031 utl-
754 2966 964 3041 moliendum,

165 3058 315 3129 autentus
333 3051 488 3116 Annibalis
506 3052 588 3116 fecit.

210 3217 226 3284 l}
239 3213 459 3288 (Satissacere...
470 3232 554 3282 popu·
587 3208 675 3266 Vobis
684 3210 778 3278 priore
788 3208 902 3263 actione
920 3226 967 3260 sa·

177 3285 206 3337 lo
220 3286 357 3345 lornano)
370 3279 552 3351 Satisfacere‚
587 3274 729 3349 tisfaotum
761 3289 824 3341 cst,
859 3286 967 3327 sester-

155 3350 157 3355 ’
177 3352 271 3411 idest,
285 3351 402 3416 probare.
421 3350 467 3402 Sic
478 3347 554 3409 Cice·
586 3343 655 3396 tium
677 3341 810 3400 undecies
836 3359 967 3399 nutttem·

175 3434 207 3483 to
216 3417 236 3484 l,
248 3418 282 3485 ll·
295 3419 325 3482 ip
335 3419 456 3482 Verrem,
472 3431 500 3474 u.
512 3430 553 3466 ao.
583 3423 643 3467 turn
659 3427 733 3465 esse.
