2016 3780
166 156 446 283 Ninnium
493 202 732 276 XXXVII.
780 212 844 289 241

59 335 180 382 omnem
204 314 378 386 Etruriam,
412 311 538 372 diversis
564 308 721 369 itineribus
744 307 849 388 urbem

59 387 186 479 petiere.
211 394 301 465 ,Mitte
323 404 352 452 et
374 392 531 471 quingenti
554 390 685 451 hostium
708 389 848 459 inscie,

59 477 149 538 multi
171 484 273 556 postea
302 493 339 536 ex
364 473 532 532 vulneribus
561 471 689 553 periere.
722 464 850 561 Annibal

59 557 246 638 captivorum
274 555 326 633 qui
349 553 448 613 Latini
479 554 610 613 nominis
634 561 755 627 essent,
784 567 850 608 sine

58 638 159 721 pretio
169 635 324 707 dimissis,
344 633 486 694 Romanis
505 635 538 692 in
557 630 781 701 vinculatus,
805 649 850 688 se-

56 729 178 800 gregate
194 737 232 776 ex
244 715 374 776 hostium
389 726 626 776 coacervatorum
639 710 767 774 cumulis
780 730 848 771 cora
942 780 945 786 ¹

56 818 133 881 pora
151 816 271 858 tuorum
292 802 361 858 ctlm
378 796 502 877 sepeliri
523 796 684 875 jussisset,
708 791 849 855 Flaminii

56 899 177 961 quoque
206 896 339 958 corpus,
367 876 478 937 funeris
509 876 623 950 cansa,
647 895 753 954 magns
780 893 849 935 cum

56 980 128 1023 cura
144 957 339 1038 inquisitum,
362 976 421 1017 non
436 957 560 1017 invenit.
652 1024 658 1031 q

98 1041 214 1104 XXVI.
248 1039 349 1100 Romae
377 1037 412 1098 ad
433 1039 563 1118 primum
588 1037 729 1097 nuncium
757 1023 964 1130 ⁰¹³d³⁸m³inml

56 1125 145 1202 ejus,
173 1140 240 1182 cum
268 1120 383 1198 ingenti
408 1129 521 1178 terrore
542 1138 576 1179 ac
604 1117 755 1189 tumultu,
779 1138 849 1179 con·
863 1099 947 1194 infor.

56 1207 162 1266 cursus
188 1201 219 1261 in
245 1199 343 1261 forum
368 1199 474 1281 populi
499 1210 544 1260 est
567 1199 673 1260 lactus.
707 1199 851 1262 Matronae

58 1305 138 1364 vage
174 1302 229 1364 per
255 1285 345 1354 vias,
378 1298 442 1357 quae
471 1299 577 1359 repens
611 1281 711 1342 clades
738 1280 850 1355 allata,

58 1383 166 1444 queeve
177 1363 297 1422 fortuna
311 1359 461 1420 exercitus
478 1371 572 1432 essct,
589 1362 693 1421 obvios
704 1381 852 1442 percunc-

59 1455 168 1507 tantur.
187 1444 306 1504 Etcum
319 1439 483 1518 frequentis
493 1442 646 1502 concionis
661 1443 752 1502 modo
765 1444 854 1504 turba

57 1527 92 1588 ln
109 1524 267 1586 comitium
282 1530 313 1578 et
328 1520 443 1581 curiam
463 1539 545 1580 versa
556 1524 746 1600 magistratus
763 1543 853 1584 voca·

57 1621 126 1677 ren
155 1599 270 1662 tandem
298 1599 376 1659 haud
403 1599 498 1660 multo
526 1601 592 1661 antei
621 1601 693 1662 solis
715 1622 854 1664 occasum

56 1684 102 1746 M.
122 1682 305 1764 Pomponius
321 1681 454 1754 Praetor,
469 1682 589 1762 Pugnet,
608 1684 726 1762 inquit,
747 1684 853 1765 magnei
887 1752 890 1757 ¹

55 1768 122 1827 victi
135 1786 229 1825 sumus
249 1786 261 1822 :
283 1771 332 1835 et,
349 1781 517 1843 quanquam
537 1763 614 1832 nihil
632 1765 742 1825 certius
756 1782 853 1825 exeo

55 1846 263 1917 auditumst,
283 1855 381 1905 tamon
395 1842 471 1906 alius
485 1845 524 1906 alr
540 1843 602 1904 alio
616 1844 737 1925 impleti
751 1865 855 1905 rumo-

55 1926 141 1987 ribus
164 1925 268 1985 domos
295 1925 453 1999 referunt,
487 1923 638 1986 Consulem
660 1949 722 1986 cum
746 1947 856 2006 magno

53 2019 139 2084 parte
163 2011 305 2084 copiarum
330 2027 432 2065 cesum
453 2026 628 2085 :superesse
652 2029 779 2085 paucos,
801 2020 854 2066 aet

51 2084 128 2161 fugti
141 2087 250 2163 passim
267 2107 318 2161 per
334 2086 482 2145 Etruriam
498 2106 630 2163 sparsos,
645 2099 697 2144 eut
707 2098 804 2165 septos
815 2093 853 2147 als

57 2163 229 2239 hoste.(13)
254 2164 337 2245 Quot
358 2182 441 2231 casus
460 2165 612 2225 exercitus
627 2165 699 2224 victi
710 2164 854 2240 fuerant,

57 2253 104 2304 tot
119 2242 151 2300 in
168 2261 252 2303 curas
272 2242 421 2323 dispertiti
435 2263 538 2304 eorum
557 2243 648 2306 enimi
662 2255 762 2318 erant,
777 2266 854 2326 quo-
935 2287 937 2291 ν

56 2342 125 2386 rum
136 2322 298 2405 propinqui
314 2324 369 2384 sub
385 2325 419 2386 C.
437 2323 590 2386 Flaminio
601 2324 722 2388 consule
735 2346 852 2387 merue-

52 2415 145 2485 rant,
165 2403 369 2483 ignorantium
395 2425 459 2485 quae
481 2409 625 2490 cujusque
648 2426 769 2468 suorum
790 2407 852 2469 for-

55 2493 128 2552 ¹tuna
146 2494 224 2544 esset
243 2507 249 2545 :
274 2504 330 2546 nec
351 2487 506 2567 quisquam
526 2489 597 2549 satis
613 2486 728 2549 celtum
741 2488 851 2566 habet,

57 2562 131 2642 quid
149 2576 199 2623 aut
216 2577 339 2645 speret,
363 2577 414 2628 sut
434 2570 548 2629 timeat.
730 2610 736 2628 ,

97 2642 229 2707 XXVII.
256 2646 402 2718 Postero,
426 2665 460 2708 ac
482 2647 623 2731 deinceps
648 2649 763 2731 aliquot
785 2651 852 2713 dio*-

27 2732 33 2741 ‘
55 2719 133 2799 bus,
164 2724 203 2785 ad
225 2738 325 2805 portas
348 2728 444 2806 major
465 2733 561 2811 prope
578 2731 738 2796 mulierum
759 2735 849 2816 qulm

54 2807 185 2866 virorum
200 2803 359 2866 multitudo
374 2809 478 2885 stetit,
494 2821 543 2871 aut
557 2831 676 2874 suorum
693 2816 821 2895 aliquem
838 2863 849 2892 ,

54 2897 104 2946 sut
133 2889 252 2946 nuntios
280 2886 388 2949 dehis
412 2892 572 2971 opperiens
598 2916 604 2954 :
628 2896 849 2958 circumfunde-

52 2965 218 3049 banturque
247 2967 345 3029 obviis
367 2970 579 3048 sciscitantes,
613 2996 709 3057 neque
732 2979 849 3053 avelli‚

56 3049 157 3127 utique
183 3051 221 3111 ab
243 3051 346 3124 notis,
370 3054 544 3134 priusqulm
565 3056 667 3117 ordine
687 3060 786 3118 omnia
806 3059 849 3118 in·
932 3093 939 3105 a

93 3177 124 3225 13
138 3177 148 3240 (
160 3173 235 3245 (luet
247 3180 347 3241 casus)
360 3179 432 3231 Varii
467 3183 575 3250 quidam
590 3183 685 3249 integri
705 3204 736 3236 ex
754 3186 846 3252 praello

59 3254 135 3292 casus
149 3241 277 3293 exercitiis
296 3246 363 3296 victi
378 3245 434 3296 fue·
467 3249 621 3317 effugerant.
633 3252 758 3303 'l'otident
768 3253 847 3321 igitur

61 3308 433 3378 rantraliictcsi,aliicapti
467 3315 496 3365 in
518 3334 594 3368 curas
617 3319 747 3384 dispertiti
772 3334 848 3373 erunt
879 3336 892 3347 ‘

61 3384 151 3434 erant,
165 3375 272 3442 quidam
284 3377 433 3450 uulnerati,
468 3383 552 3438 animi
563 3386 784 3456 propinquorum.
835 3424 929 3536 t

137 3454 212 3517 Pars
238 3455 263 3518 1.
699 3464 735 3529 l.
