2016 3780
68 162 161 251 Ι166
296 174 636 247 TrrrL1r11

91 285 211 362 equites
235 281 430 353 semiermes,
447 298 552 358 magua
568 297 635 361 pars
661 276 794 355 saucii,
823 278 890 343 adis·

94 367 179 442 tique
196 361 333 422 incendio
364 405 372 434 ,
404 360 582 439 effugerunt.
601 361 688 423 Caesa
709 371 771 421 aut
796 360 892 423 hausta

96 443 223 504 flammis
252 441 446 521 quadraginta
471 439 567 501 millia
592 440 761 500 bominum
798 452 893 514 sunt,

98 535 184 602 capta
207 523 295 600 suprit
317 524 446 615 quinque
467 522 565 580 millia
585 541 591 578 :
611 519 703 579 multi
734 520 894 598 Carthagi-

99 603 246 665 niensium
266 601 401 674 nobrles‚
426 601 561 660 undecim
573 611 794 674 tenatotores‚
820 603 895 680 signa

99 684 244 745 militaria
266 695 385 742 eentum
414 683 598 762 septuaginta
626 690 797 757 quatuos,
834 681 897 760 equi

100 761 256 825 Numidici
279 764 370 844 supra
390 760 450 821 duo
471 760 563 820 millia
585 758 685 841 septin
709 763 810 834 enti,
842 762 898 822 ele·

101 842 205 924 piranti
225 861 278 904 sex
303 845 412 924 capti,
447 853 516 902 octo
538 840 656 901 flammi
680 781 836 921 (introque
858 842 900 901 ab·

102 924 247 998 sumpti,
281 941 443 1001 magnaque
469 922 513 980 vis
541 940 695 981 armorum
729 933 838 1002 capta.
863 920 900 983 Er

103 1005 203 1064 omnia
214 1004 375 1086 imperator
388 1001 524 1067 Vulcano
539 1011 649 1064 sacrata
666 1002 829 1065 incendit.

212 1361 623 1437 NARRATIO
670 1361 810 1441 LII.

419 1560 586 1666 Syphax.

111 1780 903 1807 ffl—-b-q—-q-m

56 1897 104 1947 549·
147 1905 336 1975 Sophonisba,
356 1903 428 1975 silla
439 1903 605 1956 Asdrubalis
620 1904 905 1975 Poenorurri'irnpera-

56 1959 103 2008 103·
114 1972 184 2027 toris
198 2008 202 2030 r
223 1970 378 2041 Syphacem
391 1969 525 2024 Numidae
539 1972 657 2042 Regem,
676 1972 726 2024 cui
742 1977 849 2042 nuptui
859 1990 906 2027 tra·

115 2040 175 2095 dita
188 2035 302 2107 fuerat,
327 2036 347 2090 ἀ
370 2038 552 2089 Buritanorum
562 2036 697 2105 societate
715 2038 905 2103 abstractum,

115 2106 260 2174 t'nrpulerat
273 2120 304 2157 ut
315 2123 391 2156 arena
400 2122 461 2156 curn
476 2103 572 2157 Poern's
579 2102 721 2173 jungeret.
732 2106 769 2156 In
784 2124 822 2160 eo
841 2107 905 2160 belia

116 2172 136 2227 ὰ
160 2170 318 2225 ιΙΙαείηίεεά
338 2185 364 2223 et
383 2168 472 2221 Laelio
492 2169 599 2231 victus,
622 2182 705 2236 atquc
725 2170 820 2224 estam
838 2173 906 2227 vivus

118 2251 235 2305 captus,
269 2237 298 2290 in
320 2251 411 2291 castra
438 2237 559 2287 Romana
584 2234 757 2304 perducitur.
783 2239 908 2308 Cusrrqut

120 2304 216 2380 Scipio
229 2322 265 2354 cx
281 2322 334 2364 eo,
355 2300 486 2371 quidnam
499 2300 554 2354 sibi
567 2300 718 2378 studuisset,
745 2316 906 2377 quaereret.

120 2388 170 2440 synt
180 2388 233 2420 nan
242 2369 400 2420 societatem
411 2367 499 2418 solum
513 2366 655 2420 abnutsset
666 2368 824 2420 Romarrarn
836 2411 843 2437 ,
866 2369 913 2425 sed

121 2434 193 2488 ultrd
208 2435 309 2486 bellurn
330 2432 470 2484 intulisset
490 2469 496 2494 ‚
524 2435 580 2485 titan
603 2432 653 2485 itte
674 2453 681 2485 t
704 2429 777 2486 banc
793 2438 912 2503 primaru

122 2499 191 2556 mali
208 2499 296 2551 labent
305 2495 402 2570 fuisse
422 2498 563 2566 respondit
585 2535 591 2560 ,
618 2498 691 2569 qubd
706 2498 827 2553 scilicet
849 2504 912 2555 Car·

124 2565 341 2619 rharr'nr'ensr'mn
351 2575 502 2615 matronam
512 2564 621 2617 douram
631 2566 797 2632 accepisset.
807 2568 914 2646 Scapis,

125 2603 215 2688 Lusiio
227 2652 287 2686 curn
296 2630 423 2701 d'ypirace
434 2630 558 2698 aliisque
568 2631 684 2701 captivis
693 2634 809 2686 Romam
819 2653 912 2701 rrnssa,

126 2699 163 2752 ad
177 2700 281 2752 Tuneta
291 2716 399 2750 rursum
408 2710 503 2750 castra
513 2695 609 2770 refert.

58 2920 118 2967 ‚tras
132 2855 303 2979 Sumsit,
331 2902 424 2983 pulsis
438 2905 586 2985 prefectis
611 2905 816 2989 praesidiisque
833 2908 916 2984 suist

58 2993 84 3022 ¹¹¹¹
131 3000 230 3047 vetere
249 3006 279 3044 se
299 2984 470 3044 continebat
491 3004 583 3064 regno
604 3031 613 3061 ‚
644 2988 818 3068 neutiquam
838 2992 917 3070 quis·

58 3046 113 3082 ‘'⁰''
133 3080 228 3127 turus.
251 3061 444 3125 stimulabant
466 3084 576 3142 agrum
595 3086 694 3127 amore
717 3074 792 3128 uror
818 3089 918 3132 socer·

132 3167 191 3226 que
213 3167 219 3205 τ
244 3156 273 3204 et
293 3144 336 3203 irs
353 3142 424 3203 viris
443 3143 584 3225 equisque
600 3145 783 3220 abundabat,
803 3162 835 3209 ut
850 3150 919 3211 sub

126 3230 218 3308 'jectae
241 3224 335 3285 oculis
352 3224 434 3303 regni
458 3244 513 3305 per
541 3224 646 3286 multos
670 3225 803 3288 florentis
828 3246 920 3290 annos

129 3308 239 3399 quires,
273 3305 364 3367 stiam
385 3303 484 3367 minus
502 3304 626 3368 barbaro
647 3316 734 3389 atque
754 3309 920 3392 impotenti
