2016 3780
125 195 450 271 ,Nannnrre
497 187 726 260 XXXVI.
773 191 841 263 225
897 149 901 156 Ι

53 316 104 368 snt
119 322 201 384 spem
221 297 332 360 nullam
352 297 442 357 aliam
464 312 550 367 esse,
567 294 637 353 satis
659 293 846 355 declarabat.·

53 387 171 448 Tamen
194 379 294 443 consul
317 376 415 449 alter,
449 377 578 452 equestri
598 373 709 456 praelio
729 393 789 434 uno
810 384 842 433 et

53 464 175 526 vulnere
194 481 248 524 suo
264 460 419 529 minutus,
442 455 519 514 trahi
542 474 605 512 rem
620 455 758 515 malebat.
781 454 844 514 Re-

54 545 151 606 centis
165 542 258 608 animi
275 538 349 600 alter
365 581 374 610 ,
394 537 487 613 ebque
503 535 653 608 ferocior,
676 535 789 596 nullam
800 533 848 593 di:

55 624 197 684 lationem
210 621 386 703 patiebatur.
402 616 578 677 Stimulabat
594 627 624 676 et
637 628 754 696 tempus
769 634 845 696 pro-

77 707 197 784 inquum
219 700 411 760 comitiorum
434 741 443 769 ,
483 717 520 755 ne
543 696 574 757 in
595 716 686 757 novos
707 697 847 757 eonsules

55 724 375 850 leucastrense,
395 788 425 836 et
442 779 561 841 occasio
574 778 606 836 in
627 795 658 837 se
672 797 762 838 unum
778 793 846 836 ver-

54 864 148 926 tendae
161 863 285 942 glorie,
311 859 379 920 dum
396 877 479 935 aeger
497 857 610 938 collega
623 869 695 919 erat.
713 859 817 936 ltaque
834 900 846 928 ‚

55 945 249 1024 nequicquam
276 940 470 1001 dissentiente
489 939 660 1012 Cornelio,
690 941 789 1020 pacari
810 935 847 999 ad

55 1026 254 1106 propinquum
269 1033 417 1081 certamen
437 1019 551 1079 milites
570 1021 663 1100 jubet.

64 1132 72 1141 ·
97 1105 150 1165 lll.
161 1100 288 1162 Annibal
298 1103 390 1171 cum,
411 1099 484 1178 quid
498 1100 644 1182 optimum
656 1100 732 1161 foret
745 1099 851 1174 hosti,
891 1144 895 1151 .

57 1195 192 1246 comeret
208 1228 217 1255 ,
241 1182 288 1241 vix
302 1181 390 1242 ullam
403 1186 487 1261 spem
504 1180 657 1254 habebat,
676 1181 790 1241 temere
803 1191 849 1239 at-

58 1284 115 1343 que
148 1263 316 1344 improvide
349 1265 506 1342 quicquam
539 1260 675 1322 consules
718 1272 851 1326 acturos.'

59 1346 135 1407 cum
155 1343 274 1403 alterius
296 1342 475 1419 ingenium,
499 1341 576 1401 lama
600 1342 713 1422 priris,
741 1341 850 1402 deinde

59 1421 259 1502 recognitum
278 1463 288 1493 ‚
323 1420 473 1500 percitum
493 1440 526 1481 ac
544 1421 628 1482 ferox
645 1422 735 1481 sciret
751 1442 816 1483 esse
837 1465 850 1496 ,

60 1504 247 1580 ferociusque
258 1500 369 1560 lactum
380 1516 528 1636 prospero
546 1520 613 1560 cum
631 1504 850 1582 predatoribus

61 1585 121 1645 suis
145 1583 307 1658 certamine
329 1599 379 1640 cre
400 1589 488 1654 eret3
519 1578 619 1640 edesse
642 1581 781 1658 gerendae
803 1582 851 1641 rel

59 1665 208 1726 fortunam
231 1659 307 1722 lrsucl
325 1656 481 1719 diffidebat.
503 1659 596 1739 Cujus
615 1660 747 1741 nequod
773 1681 851 1741 pre-

60 1746 240 1805 termitteret
255 1753 391 1822 tempus,-
402 1738 551 1801 sollicitus
564 1743 753 1822 intentusque
767 1752 850 1816 erat,

60 1825 132 1886 dum
153 1825 212 1884 tiro
231 1822 361 1883 hostium
377 1839 443 1883 esse
462 1818 577 1896 miles,
605 1820 675 1882 dum
691 1822 849 1883 meliorem

60 1927 98 1965 ex
108 1904 235 1968 ducibus
252 1902 390 1963 inutilem
409 1901 511 1964 vulnus
526 1901 658 1975 feceret,
685 1901 758 1964 dum
773 1902 855 1965 Gal-⁴

60 1987 158 2059 lorum
169 1984 262 2042 animi
281 1983 438 2060 vigerent:
457 2001 582 2061 quorum
604 1983 755 2061 ingentem
771 1983 856 2041 mul-²

62 2063 223 2122 titudinem
240 2062 352 2122 sciebat
370 2061 490 2140 segnibs
512 2072 677 2129 secuturam
699 2107 707 2135 ,
740 2063 864 2143 quantb·

62 2141 181 2220 lougius
199 2142 234 2201 ab
261 2140 350 2199 domo
377 2141 574 2202 traherentur.
604 2141 682 2202 Crlm
708 2143 748 2202 ob
781 2142 853 2202 hess

63 2222 191 2300 taliaque
202 2231 335 2300 sperarat
348 2222 547 2302 propinquum
565 2231 737 2295 certamen,
766 2220 821 2280 etl
839 2254 856 2271 ·

63 2322 131 2362 cere
143 2346 152 2375 ,
166 2301 192 2361 si
207 2310 373 2361 cessaretur
389 2346 397 2374 ,
423 2311 545 2382 cuperet
558 2326 567 2374 ;
592 2302 855 2382 speculatoresque

64 2382 147 2446 Galli
172 2379 207 2440 ad
232 2400 266 2440 ea
284 2379 463 2461 exploranda
485 2400 559 2461 quae
587 2381 675 2442 vellet
703 2385 827 2442 tutiores
841 2394 859 2454 ,¹

64 2466 134 2543 quis
160 2461 193 2518 in
217 2461 349 2540 utrisque
371 2461 473 2522 castris
499 2461 667 2523 militabant
694 2507 703 2535 ,
734 2475 853 2544 paratos

40 2577 42 2583 ·
63 2561 170 2623 pugnae
187 2558 252 2600 esse
272 2540 419 2601 Romanos
434 2542 628 2616 retulissenr5
656 2544 755 2604 locum
775 2543 852 2604 iusi-

64 2624 123 2683 diis
139 2622 386 2700 circumspectare
400 2622 628 2702 Poenus'coepit.
716 2646 719 2653 ·
857 2628 860 2637 ‘

104 2701 159 2763 lv.
174 2701 245 2761 Erat
264 2704 294 2760 in
316 2701 414 2762 medio
432 2702 534 2784 riuus,
557 2703 691 2784 praealtis
710 2702 852 2783 utrinque

64 2784 182 2844 clausus
202 2781 300 2861 ripis,
322 2795 352 2841 et
368 2781 448 2842 circa
464 2783 576 2844 obsitus
591 2784 770 2861 palustribus
786 2784 853 2844 her-

66 2864 133 2935 bis,
153 2871 204 2934 et,
227 2863 333 2941 quibus
347 2861 456 2924 inculta
470 2862 564 2925 ferme
579 2864 746 2924 vestiuntur
761 2911 770 2939 ‚
793 2867 853 2922 vir-

66 2944 156 3022 gultis
173 2943 499 3023 vepribusque..Quem
516 2943 570 3004 ubi
589 2943 623 3003 sd
641 2947 756 3024 equites
775 2958 862 3023 quo-·

68 3043 124 3103 que
138 3022 277 3100 tegendos
301 3025 371 3085 satis
393 3021 570 3086 latebrosum
591 3025 691 3084 locum
719 3027 852 3084 circum·

68 3114 167 3162 vectus
178 3104 243 3182 ipse
263 3103 357 3163 oculis
373 3104 563 3185 perlustravit
584 3105 660 3165 :Hic
680 3106 735 3164 erit
748 3105 823 3163 locus
840 3145 851 3174 ,

69 3184 192 3262 Magoni
213 3181 294 3243 fratri
314 3183 379 3258 alt,
408 3208 489 3265 quem
507 3199 613 3245 terreas.
632 3183 738 3262 Delige
754 3196 850 3259 cente·

70 3286 119 3322 nos
133 3266 204 3324 viros
219 3284 260 3322 ex
275 3266 350 3323 cmrrr'
362 3269 457 3344 pellite
473 3278 558 3344 etque
571 3268 665 3344 equite
682 3306 690 3335 ,
713 3285 773 3322 cum
786 3264 851 3343 qui-

70 3343 120 3408 bus
141 3349 179 3408 ad
202 3365 246 3408 me
267 3345 364 3428 vigilie
385 3346 480 3428 primi
504 3347 614 3414 senlac„
631 3345 712 3404 Nunc
732 3362 850 3427 corpore
922 3353 926 3360 “

667 3421 734 3486 Kb
