2016 3780
160 158 166 168 .
236 96 518 171 Ninus-uuo
564 95 684 167 LIII.
766 54 861 190 '173'

108 205 165 269 vl.
196 205 263 284 Qua
286 227 332 265 me
351 203 466 264 absente
491 201 605 265 strenui
626 225 660 262 ae
676 205 854 276 sortitorse-

67 284 152 360 cisti,
170 285 288 348 libenter
307 297 336 344 et
355 287 584 363 commemoravi,
600 296 628 343 et
644 287 766 342 memini.
797 281 854 342 Ce-

10 408 13 447 t
67 372 131 426 tero
145 380 172 425 te
184 370 274 446 ipsum
286 372 414 446 reputare
429 377 536 436 tecum,
553 364 652 444 quam,
667 386 711 421 mc
726 367 852 435 dicente,

67 451 227 507 erubescere
246 447 330 506 maio.
356 443 477 525 Syphax
496 443 593 524 populi
617 445 735 505 Romani
757 445 855 524 auspi-

10 567 13 603 3
68 530 121 586 ciis
139 530 227 587 victus
250 539 401 606 captosque
425 536 477 586 est.
503 523 601 605 itaque
621 526 698 600 ipse,
726 526 853 602 conjux,

10 648 13 681 ξ
67 628 207 684 regnum,
229 627 325 685 ager,
350 628 383 686 op
404 609 470 677 ida,
491 605 614 664 lromines
634 605 682 686 qui
704 605 856 674 incolunt,

10 726 12 737 ,
66 690 203 768 quidquid
232 690 349 767 denique
377 627 513 766 iypbacis
534 687 612 756 fuit,
640 688 736 763 praela
757 682 856 763 populi

68 767 192 826 Romani
207 779 270 826 est:
281 779 310 826 et
326 787 422 847 regem
435 767 637 848 conjugemque
648 767 726 846 ejus,
742 759 855 845 etiamsi

66 869 121 905 non
150 851 217 907 civis
246 846 490 926 Carthaginiensis
518 857 622 918 esset,
657 846 770 904 etiamsi
798 867 855 904 non

65 938 177 1005 patrem
206 929 265 1004 cius
280 978 283 987 ,
296 929 492 1006 imperatorem
520 925 639 987 bostium
667 928 854 997 rideremus,

68 1007 188 1065 Romam
211 1018 350 1085 oporteret
372 1009 475 1080 mitti,
507 1027 541 1064 ac
568 1007 680 1064 senatis
704 1005 855 1086 populique

68 1085 189 1147 Ronrani
212 1091 246 1146 tle
272 1087 305 1145 eb
333 1089 458 1146 'uelicium
483 1098 568 1167 atque
592 1084 741 1144 arbitrium
766 1107 854 1156 esse,

67 1186 130 1246 quie
161 1187 257 1248 regem
282 1109 361 1225 nobis
391 1169 496 1226 socium
523 1164 688 1236 alienasse,
712 1175 797 1244 atque
824 1167 856 1223 in

67 1267 149 1306 arma
164 1249 256 1324 egisse
269 1249 441 1326 precipitem
464 1248 583 1309 dicatur.
610 1244 695 1303 Vince
708 1246 856 1316 animum

68 1348 135 1386 save
158 1330 296 1398 deformes
316 1325 406 1386 multa
427 1325 496 1384 bona
517 1347 570 1384 uno
585 1327 652 1384 vitio
666 1367 675 1396 ‚
691 1335 721 1383 ct
736 1337 778 1384 tot
794 1345 857 1383 rne-

69 1409 187 1467 ritorum
198 1409 324 1486 gratiam
337 1408 442 1486 majore
456 1405 557 1487 culpi,
571 1405 656 1486 quo'm,
668 1424 752 1464 causo
765 1403 855 1486 culpe

55 1486 132 1558 est,
149 1507 321 1566 corrumpas.
968 1553 974 1566 ¹

110 1566 179 1632 vll.
211 1566 375 1626 Masinissae
401 1563 471 1626 hoec
503 1563 654 1638 audienti,
684 1582 745 1624 non
765 1561 855 1624 rubor
884 1553 983 1626 ,Mam

35 1711 38 1715 ,
67 1644 167 1715 solinu
186 1645 330 1721 suffusus,
348 1643 398 1708 sed
415 1645 553 1727 lacryma
569 1647 660 1706 etiam
676 1645 805 1706 obortae:
825 1630 982 1722 etssffl‘

43 1790 46 1795 .
66 1729 137 1791 cum
153 1731 310 1811 sequidem
326 1730 354 1787 in
367 1738 509 1809 potestate
524 1729 656 1800 futurum
677 1729 936 1807 imperatorismittit
950 1734 982 1778 ae

67 1809 218 1883 dixisset,
249 1818 420 1889 orassetque
445 1827 535 1885 eum,
562 1822 619 1883 ut,
648 1822 783 1890 quantum
809 1792 962 1901 res‘ff'slm·

42 1894 195 1961 sineret,
211 1890 283 1964 fidei
306 1910 361 1949 suo
385 1887 489 1950 temeri
517 1889 654 1950 obstricta
677 1890 833 1949 consuleret
840 1871 891 1962 ,¹¹⁸
959 1883 967 1899 ”

64 1972 228 2053 promisisse
245 1972 339 2042 enim,
361 1991 422 2029 sese
439 1971 468 2027 in
487 1967 593 2027 nullius
609 1979 776 2046 potestatem
789 1990 853 2030 eam
911 1965 913 1973 ⁴

68 2054 260 2120 traditurum,
280 2068 319 2106 ex
333 2047 479 2127 praetorio
492 2047 525 2105 in
534 2046 755 2107 tabernaculum
767 2066 854 2110 suum

67 2128 208 2194 confusus
225 2129 381 2188 concessit.
412 2127 459 2187 Ibi
478 2127 597 2188 arbitris
618 2128 761 2198 remotis,
782 2129 855 2188 cum

68 2203 177 2274 crebro
193 2207 360 2286 suspiritu,
384 2218 415 2265 et
433 2207 565 2286 gemitu,
599 2206 678 2288 quud
701 2206 790 2268 facilc
815 2206 854 2269 ab

68 2289 326 2353 circumstantibus
342 2287 561 2350 tabernaculum
577 2287 709 2357 exaudiri
725 2298 854 2370 posset,

21 2364 28 2379 ’
67 2373 249 2451 aliquantum
260 2368 406 2449 temporis
417 2370 664 2450 consumpsisset3
686 2369 800 2448 ingenti
815 2369 854 2430 ad

68 2447 252 2532 postremum
269 2450 349 2510 sclito
371 2451 509 2528 gemitu,
532 2450 621 2510 fidum
643 2453 659 2510 b
679 2451 771 2509 servis
798 2469 855 2509 vo-

68 2542 135 2606 cat,
157 2530 212 2590 sub
233 2533 316 2608 cujus
337 2529 468 2591 custodie
486 2532 569 2610 regio
590 2550 672 2591 more
689 2529 724 2589 ad
740 2531 854 2590 incerto

67 2612 193 2673 fortune
217 2619 360 2670 venenum
381 2621 470 2685 erat,
496 2624 526 2672 et
549 2613 672 2672 mistum
693 2611 724 2670 in
740 2610 853 2690 poculo

67 2693 145 2755 forro
171 2689 207 2751 ad
230 2691 443 2771 Sophonisbstn
467 2693 570 2770 jubet,
601 2711 635 2752 ac
663 2690 751 2752 simul
776 2711 853 2750 ruun-

67 2776 168 2846 ciare,
200 2772 387 2833 Masinissam
416 2770 536 2836 libenter
568 2778 689 2854 primam
715 2775 742 2832 ci
761 2775 852 2848 fidem

67 2866 266 2938 prestaturum
286 2857 401 2926 fuisse,
427 2873 511 2933 quam
535 2856 576 2914 vir
602 2856 688 2914 uxori
712 2851 853 2914 debuerit.

72 2937 211 3014 Quoniam
228 2935 376 2994 arbitrium
394 2937 477 3015 ejus,
498 2937 546 3016 qui
559 2938 668 3014 possint
681 2979 690 3008 ‚
705 2937 850 3008 adimant,
945 2976 948 2984 ·

69 3017 219 3073 secundam
232 3017 321 3088 fidem
333 3027 486 3094 prostare,
508 3013 543 3076 ni
560 3019 619 3075 viva
640 3019 667 3076 in
681 3026 853 3094 potestatem

39 3096 256 3156 ‘Romanorum
279 3100 380 3153 veniat.
410 3095 523 3156 Memor
536 3101 628 3175 patris
651 3098 854 3176 imperatoris,

57 3234 59 3239 ,
68 3179 243 3258 patriaque,
267 3183 294 3232 ct
309 3178 423 3234 duorum
441 3197 538 3255 regum
554 3175 655 3257 quibus
670 3188 757 3254 nupto
780 3177 852 3244 fais-

70 3266 136 3329 set,
151 3258 204 3315 sibi
219 3256 279 3334 ipso
296 3255 463 3316 consuleret.
660 3333 689 3394 Η
716 3330 734 3392 3
