2016 3780
90 142 94 147 ·
171 117 490 186 'Nannauro
527 114 702 186 XXVI.
797 130 853 205 141

74 219 150 293 dio,
164 219 308 297 conjectis
319 220 351 276 in
362 239 429 278 eum
449 220 582 285 omniurn
600 218 715 291 oculis,
733 228 761 276 et
775 223 858 281 omni

74 300 190 361 honore
220 300 369 358 tribunum
393 297 509 359 consuli
533 298 723 377 aquantibus.
742 298 801 358 Ubi
825 301 860 361 ad

73 380 249 458 pretorium
261 390 380 438 ventum
394 390 438 437 est
455 396 474 451 ,·
486 377 587 439 consul
601 378 727 438 classico
742 377 774 435 ad
788 397 860 436 con-

75 462 197 521 cionem
209 470 350 519 convocat
367 479 374 517 τ
393 476 536 538 orsusque
550 459 671 519 meritas
686 457 775 518 Decii
793 459 861 518 lau·

76 538 146 610 des,
160 538 318 598 interfante
330 539 395 617 ipso
407 540 504 598 Decio
516 584 524 611 ‚
537 538 654 599 distulit
663 539 837 598 concionem
850 563 861 611 ς

77 618 135 695 qui·
146 628 252 679 auctor
275 621 376 691 omnia
394 619 616 699 posthabendi,
644 619 714 679 dum
742 618 861 680 occasio

77 698 109 756 in
131 699 264 759 manibus
285 710 384 771 esset,
403 702 535 780 perpulit
548 697 698 759 consulem
717 742 725 772 ,
746 711 777 756 ut
790 700 859 758 bos·

79 787 143 851 tes,
170 791 200 839 et
223 789 366 841 nocturno
387 798 495 860 pavore
519 782 693 850 annnitos,
720 789 751 836 et
778 781 857 839 circa

76 856 183 917 collem
204 860 381 921 castellatim
415 859 576 939 dissipatos
600 908 607 932 ,
638 858 859 935 aggrederetur.

80 935 202 998 Credere
212 943 307 999 etiem
319 940 429 1020 aliquos
444 944 482 1000 act
493 963 523 999 se
541 943 709 1021 sequendum
722 940 840 1021 emissos
847 980 857 1012 ,

77 1019 250 1097 persalsum
274 1042 306 1078 se
329 1026 382 1079 uri.
749 1088 764 1093 ..
838 1086 844 1093 ‚
940 1092 945 1099 ἱ

120 1094 188 1158 Xll.
202 1098 296 1162 Jussae
307 1041 527 1176 fegionesarma
536 1117 643 1179 capere
657 1141 665 1169 ,
679 1116 861 1176 egressaeque

80 1177 205 1250 castris,
227 1179 295 1239 edm
309 1199 361 1259 per
371 1180 573 1262 exploratores
588 1178 687 1237 notior
697 1182 755 1257 jem
772 1177 862 1255 saltos¹

79 1262 175 1335 esset,
190 1259 235 1316 rib
247 1260 415 1341 patentiore
426 1261 460 1318 ad
469 1260 746 1321 bostemducuntur.
761 1259 862 1336 Quem

78 1336 396 1419 incautumimprovisb
411 1339 538 1411 adortae,
557 1344 570 1415 (
586 1339 655 1400 edm
681 1338 774 1418 palati
794 1355 862 1418 pas·

81 1415 138 1475 sim
152 1416 329 1483 Samnitium
344 1420 456 1477 milites
470 1461 479 1489 ,
496 1419 630 1498 plerique
646 1418 774 1476 inermes
787 1461 795 1488 ,
807 1434 862 1477 nec

81 1495 163 1554 coire
179 1495 211 1553 in
237 1515 344 1569 unum,
369 1515 423 1556 nec
449 1517 534 1557 amna
558 1516 684 1573 capere,
715 1515 770 1554 nec
790 1495 865 1554 reci·

82 1593 157 1657 pere
178 1574 253 1634 intra
278 1574 386 1639 vallum
408 1596 443 1633 re
464 1577 609 1655 possent)
620 1587 784 1712 paventem
801 1575 867 1656 pri,

83 1654 163 1735 mrim
180 1656 211 1712 in
224 1666 325 1716 castra·
333 1653 514 1736 compellunt
527 1701 537 1728 ,
551 1652 617 1714 dein
639 1658 655 1712 e
672 1664 763 1712 castra
777 1672 864 1733 ipsa,

81 1732 206 1813 turbatis
226 1736 427 1813 stationibus,
455 1737 586 1816 capiunt.
619 1732 767 1795 Perfertur
785 1735 866 1794 circs

81 1815 188 1875 collem
203 1816 333 1890 clamor,
354 1816 543 1896 fugatqnezex
555 1815 616 1879 suis
630 1832 776 1894 quemque
787 1832 864 1894 pne·

81 1895 180 1954 sidiis.
193 1895 351 1976 ltamagna
360 1917 428 1977 pars
440 1898 552 1956 absenti
568 1897 645 1955 hosti
663 1895 760 1954 cessit.
778 1895 863 1972 Quos

81 1975 159 2035 intra
173 1976 399 2056 sallumegsrat
412 1981 503 2058 pav‘or
519 1983 532 2053 (
549 1975 631 2035 tuere
643 1986 741 2035 autem
758 1973 795 2033 ad
807 1974 862 2035 tri-

83 2055 164 2130 ginta
176 2055 269 2113 millis
282 2059 295 2131 )
315 2077 418 2117 omnes
429 2060 498 2116 caesi
513 2099 522 2127 ,
536 2066 631 2116 castra
643 2053 771 2133 direpta.
956 2112 962 2126 ,

126 2131 210 2191 Xlll.
248 2134 292 2191 lta
325 2135 412 2193 rebus
436 2137 530 2211 gestis
555 2177 564 2205 ,
600 2131 703 2191 consul
727 2128 864 2192 advocati
879 2110 990 2221 affl?

85 2211 233 2270 concione
251 2211 302 2281 ,P.
320 2211 408 2271 Decii
431 2232 490 2270 non
520 2231 565 2271 coe
588 2221 632 2268 tas
652 2209 746 2271 soldm
773 2210 891 2282 antri„
984 2205 993 2225 ¹

84 2290 134 2348 seri
159 2289 321 2351 cumulatas
340 2292 418 2352 nord
436 2293 544 2350 virtute
563 2232 663 2349 Endos
683 2290 820 2370 peragit:
836 2299 867 2349 et

82 2380 200 2450 praeter¹
210 2370 354 2433 militaria
369 2374 427 2433 alia
443 2373 519 2432 dona
531 2415 540 2444 ,
554 2369 645 2430 enred
656 2371 765 2430 corona
775 2388 865 2442 eum,

83 2461 112 2506 et
137 2461 255 2511 centurn
271 2451 364 2511 bobus
382 2496 391 2525 ‚
408 2452 580 2532 eximioque
606 2470 664 2510 uno
679 2449 746 2510 albo
762 2450 866 2531 opimo

83 2535 195 2589 auratis
208 2533 345 2593 cornibus
360 2529 457 2592 do'nat.
476 2531 591 2593 Milites
613 2531 709 2608 quiin
725 2528 864 2610 praesidio

83 2610 175 2668 simul
192 2609 305 2669 iuerant
315 2655 325 2684 ,
334 2611 450 2693 duplici
461 2611 609 2672 frumento
624 2612 655 2668 in
668 2621 864 2691 perpetuum,

83 2690 114 2747 in
141 2690 295 2766 presentia
320 2690 444 2769 singulis
465 2691 583 2762 bobus,
607 2690 743 2769 binisque
767 2690 863 2771 priris

81 2771 193 2830 tunicis
211 2769 323 2830 donati.
336 2770 501 2841 Secundino
514 2770 641 2832 consulis
651 2770 837 2831 donationem
852 2815 861 2846 ,
931 2821 934 2825 ,

81 2847 214 2927 legiones
248 2850 433 2928 gramineam
466 2870 603 2911 coronam
626 2850 861 2923 obsidionalem,

82 2929 212 2990 clamore
243 2931 355 2991 donum
382 2931 606 3012 approbantes,
635 2931 733 2991 Decio
765 2924 864 3011 impo-

81 3022 165 3070 nunt.
186 3009 284 3071 Altera
305 3030 413 3072 corona
431 3009 564 3091 ejusdem
583 3011 702 3071 honoris
729 3009 815 3069 index
845 3010 862 3069 ’a

83 3091 221 3172 presidio
238 3111 291 3151 suo
304 3093 443 3173 imposita
462 3103 516 3153 est.
533 3093 587 3152 llis
602 3090 756 3153 decoratus
769 3087 864 3163 insig-
909 3143 913 3148 .

84 3172 201 3245 nibus,
236 3173 341 3232 bovem
373 3173 519 3233 eximium
555 3172 643 3232 Marti
668 3168 862 3238 immolavit,

87 3264 204 3317 centum
225 3253 315 3320 bovas
344 3252 492 3316 militibus
515 3249 593 3312 dono
627 3249 726 3322 dedit,
754 3246 804 3326 qui
823 3263 866 3343 sq
