<?xml version="1.0" encoding="UTF-8"?>
<!DOCTYPE html PUBLIC "-//W3C//DTD XHTML 1.0 Transitional//EN"
    "http://www.w3.org/TR/xhtml1/DTD/xhtml1-transitional.dtd">
<html xmlns="http://www.w3.org/1999/xhtml" xml:lang="en" lang="en">
 <head>
  <title>
</title>
<meta http-equiv="Content-Type" content="text/html;charset=utf-8" />
  <meta name='ocr-system' content='tesseract 3.04.00' />
  <meta name='ocr-capabilities' content='ocr_page ocr_carea ocr_par ocr_line ocrx_word'/>
</head>
<body>
  <div class='ocr_page' id='page_1' title='image "./selectaetitoliv00livygoog_0197.png"; bbox 0 0 2016 3780; ppageno 0'>
   <div class='ocr_carea' id='block_1_1' title="bbox 148 151 931 496">
    <p class='ocr_par' dir='ltr' id='par_1_1' title="bbox 148 151 693 228">
     <span class='ocr_line' id='line_1_1' title="bbox 148 151 693 228; baseline -0.015 1"><span class='ocrx_word' id='word_1_1' title='bbox 148 181 214 228; x_wconf 76' lang='lat' dir='ltr'>noo</span> <span class='ocrx_word' id='word_1_2' title='bbox 385 154 506 224; x_wconf 80' lang='lat' dir='ltr'>Trnr</span> <span class='ocrx_word' id='word_1_3' title='bbox 552 151 693 223; x_wconf 81' lang='lat' dir='ltr'>Lrvrr</span> 
     </span>
    </p>

    <p class='ocr_par' dir='ltr' id='par_1_2' title="bbox 148 250 931 496">
     <span class='ocr_line' id='line_1_2' title="bbox 148 250 929 332; baseline -0.008 -13"><span class='ocrx_word' id='word_1_4' title='bbox 148 273 182 320; x_wconf 90' lang='lat' dir='ltr'>ut</span> <span class='ocrx_word' id='word_1_5' title='bbox 208 268 372 332; x_wconf 86' lang='lat' dir='ltr'>averteret,</span> <span class='ocrx_word' id='word_1_6' title='bbox 407 259 580 319; x_wconf 82' lang='lat' dir='ltr'>Hannonem</span> <span class='ocrx_word' id='word_1_7' title='bbox 606 254 781 316; x_wconf 75' lang='lat' dir='ltr'><strong>Bomilcaris</strong></span> <span class='ocrx_word' id='word_1_8' title='bbox 809 250 929 327; x_wconf 87' lang='lat' dir='ltr'>lilium,</span> 
     </span>
     <span class='ocr_line' id='line_1_3' title="bbox 149 330 930 420; baseline -0.009 -22"><span class='ocrx_word' id='word_1_9' title='bbox 149 339 256 416; x_wconf 80' lang='lat' dir='ltr'>rigttta</span> <span class='ocrx_word' id='word_1_10' title='bbox 279 340 375 420; x_wconf 73' lang='lat' dir='ltr'>primd</span> <span class='ocrx_word' id='word_1_11' title='bbox 408 338 526 409; x_wconf 88' lang='lat' dir='ltr'>noctis,</span> <span class='ocrx_word' id='word_1_12' title='bbox 559 356 640 397; x_wconf 54' lang='lat' dir='ltr'>cum,</span> <span class='ocrx_word' id='word_1_13' title='bbox 652 349 735 415; x_wconf 89' lang='lat' dir='ltr'>parte</span> <span class='ocrx_word' id='word_1_14' title='bbox 755 330 930 414; x_wconf 89' lang='lat' dir='ltr'>copiarum,</span> 
     </span>
     <span class='ocr_line' id='line_1_4' title="bbox 148 413 931 496; baseline -0.009 -18"><span class='ocrx_word' id='word_1_15' title='bbox 148 419 280 490; x_wconf 83' lang='lat' dir='ltr'>maxime</span> <span class='ocrx_word' id='word_1_16' title='bbox 313 419 483 496; x_wconf 82' lang='lat' dir='ltr'>lliapanis,</span> <span class='ocrx_word' id='word_1_17' title='bbox 517 416 637 477; x_wconf 85' lang='lat' dir='ltr'>aduerso</span> <span class='ocrx_word' id='word_1_18' title='bbox 662 413 783 475; x_wconf 81' lang='lat' dir='ltr'>flumine</span> <span class='ocrx_word' id='word_1_19' title='bbox 806 415 850 473; x_wconf 88' lang='lat' dir='ltr'>ire</span> <span class='ocrx_word' id='word_1_20' title='bbox 876 414 931 473; x_wconf 90' lang='lat' dir='ltr'>iter</span> 
     </span>
    </p>
   </div>
   <div class='ocr_carea' id='block_1_2' title="bbox 53 495 932 577">
    <p class='ocr_par' dir='ltr' id='par_1_3' title="bbox 53 495 932 577">
     <span class='ocr_line' id='line_1_5' title="bbox 53 495 932 577; baseline -0.01 -17"><span class='ocrx_word' id='word_1_21' title='bbox 53 534 56 541; x_wconf 94' lang='lat'>·</span> <span class='ocrx_word' id='word_1_22' title='bbox 150 502 239 559; x_wconf 78' lang='lat' dir='ltr'>unius</span> <span class='ocrx_word' id='word_1_23' title='bbox 255 498 314 557; x_wconf 91' lang='lat' dir='ltr'>diei</span> <span class='ocrx_word' id='word_1_24' title='bbox 328 498 430 574; x_wconf 76' lang='lat' dir='ltr'>iubet,</span> <span class='ocrx_word' id='word_1_25' title='bbox 444 508 474 556; x_wconf 88' lang='lat' dir='ltr'>et</span> <span class='ocrx_word' id='word_1_26' title='bbox 485 541 492 569; x_wconf 89' lang='lat'>,</span> <span class='ocrx_word' id='word_1_27' title='bbox 505 495 559 556; x_wconf 90' lang='lat' dir='ltr'>ubi</span> <span class='ocrx_word' id='word_1_28' title='bbox 570 495 700 576; x_wconf 81' lang='lat' dir='ltr'>primitm</span> <span class='ocrx_word' id='word_1_29' title='bbox 716 506 831 577; x_wconf 85' lang='lat' dir='ltr'>posset,</span> <span class='ocrx_word' id='word_1_30' title='bbox 845 496 932 574; x_wconf 77' lang='lat' dir='ltr'>quim</span> 
     </span>
    </p>
   </div>
   <div class='ocr_carea' id='block_1_3' title="bbox 148 575 933 737">
    <p class='ocr_par' dir='ltr' id='par_1_4' title="bbox 148 575 933 737">
     <span class='ocr_line' id='line_1_6' title="bbox 150 575 933 656; baseline -0.006 -19"><span class='ocrx_word' id='word_1_31' title='bbox 150 578 350 639; x_wconf 71' lang='lat' dir='ltr'>occultissime</span> <span class='ocrx_word' id='word_1_32' title='bbox 375 579 498 656; x_wconf 83' lang='lat' dir='ltr'>trajecto</span> <span class='ocrx_word' id='word_1_33' title='bbox 517 577 619 648; x_wconf 74' lang='lat' dir='ltr'>amni,</span> <span class='ocrx_word' id='word_1_34' title='bbox 642 575 861 636; x_wconf 78' lang='lat' dir='ltr'>circumducere</span> <span class='ocrx_word' id='word_1_35' title='bbox 882 593 933 651; x_wconf 82' lang='lat' dir='ltr'>ag-</span> 
     </span>
     <span class='ocr_line' id='line_1_7' title="bbox 148 653 933 737; baseline -0.008 -19"><span class='ocrx_word' id='word_1_36' title='bbox 148 676 218 718; x_wconf 84' lang='lat' dir='ltr'>men</span> <span class='ocrx_word' id='word_1_37' title='bbox 234 679 239 716; x_wconf 92' lang='lat'>:</span> <span class='ocrx_word' id='word_1_38' title='bbox 258 667 309 730; x_wconf 91' lang='lat' dir='ltr'>ut,</span> <span class='ocrx_word' id='word_1_39' title='bbox 341 656 409 717; x_wconf 82' lang='lat' dir='ltr'>crim</span> <span class='ocrx_word' id='word_1_40' title='bbox 435 675 509 737; x_wconf 88' lang='lat' dir='ltr'>opus</span> <span class='ocrx_word' id='word_1_41' title='bbox 534 657 612 715; x_wconf 85' lang='lat' dir='ltr'>lacto</span> <span class='ocrx_word' id='word_1_42' title='bbox 636 656 698 729; x_wconf 88' lang='lat' dir='ltr'>sit,</span> <span class='ocrx_word' id='word_1_43' title='bbox 728 656 876 715; x_wconf 82' lang='lat' dir='ltr'>adoriatur</span> <span class='ocrx_word' id='word_1_44' title='bbox 898 653 933 712; x_wconf 88' lang='lat' dir='ltr'>ab</span> 
     </span>
    </p>
   </div>
   <div class='ocr_carea' id='block_1_4' title="bbox 149 731 934 895">
    <p class='ocr_par' dir='ltr' id='par_1_5' title="bbox 149 731 934 895">
     <span class='ocr_line' id='line_1_8' title="bbox 150 731 934 815; baseline -0.006 -19"><span class='ocrx_word' id='word_1_45' title='bbox 150 748 236 815; x_wconf 85' lang='lat' dir='ltr'>tergo</span> <span class='ocrx_word' id='word_1_46' title='bbox 254 736 378 799; x_wconf 89' lang='lat' dir='ltr'>hostem.</span> <span class='ocrx_word' id='word_1_47' title='bbox 398 738 455 812; x_wconf 88' lang='grc'>(3)</span> <span class='ocrx_word' id='word_1_48' title='bbox 470 736 515 796; x_wconf 79' lang='lat' dir='ltr'>nd</span> <span class='ocrx_word' id='word_1_49' title='bbox 533 737 562 794; x_wconf 89' lang='lat' dir='ltr'>id</span> <span class='ocrx_word' id='word_1_50' title='bbox 578 735 638 795; x_wconf 87' lang='lat' dir='ltr'>dati</span> <span class='ocrx_word' id='word_1_51' title='bbox 658 734 746 796; x_wconf 88' lang='lat' dir='ltr'>duces</span> <span class='ocrx_word' id='word_1_52' title='bbox 762 735 849 796; x_wconf 82' lang='lat' dir='ltr'>Galli</span> <span class='ocrx_word' id='word_1_53' title='bbox 864 731 934 793; x_wconf 87' lang='lat' dir='ltr'>edo-</span> 
     </span>
     <span class='ocr_line' id='line_1_9' title="bbox 149 813 932 895; baseline -0.008 -17"><span class='ocrx_word' id='word_1_54' title='bbox 149 829 240 888; x_wconf 82' lang='lat' dir='ltr'>cent,</span> <span class='ocrx_word' id='word_1_55' title='bbox 268 817 336 876; x_wconf 74' lang='lat' dir='ltr'>inde</span> <span class='ocrx_word' id='word_1_56' title='bbox 362 816 459 877; x_wconf 87' lang='lat' dir='ltr'>millia</span> <span class='ocrx_word' id='word_1_57' title='bbox 487 818 616 895; x_wconf 87' lang='lat' dir='ltr'>quinque</span> <span class='ocrx_word' id='word_1_58' title='bbox 647 828 677 875; x_wconf 88' lang='lat' dir='ltr'>et</span> <span class='ocrx_word' id='word_1_59' title='bbox 706 815 813 894; x_wconf 81' lang='lat' dir='ltr'>viginti</span> <span class='ocrx_word' id='word_1_60' title='bbox 838 813 932 893; x_wconf 72' lang='lat' dir='ltr'>ferme</span> 
     </span>
    </p>
   </div>
   <div class='ocr_carea' id='block_1_5' title="bbox 62 895 933 978">
    <p class='ocr_par' dir='ltr' id='par_1_6' title="bbox 62 895 933 978">
     <span class='ocr_line' id='line_1_10' title="bbox 62 895 933 978; baseline -0.009 -18"><span class='ocrx_word' id='word_1_61' title='bbox 62 958 65 970; x_wconf 83' lang='grc'><strong>,</strong></span> <span class='ocrx_word' id='word_1_62' title='bbox 147 895 259 978; x_wconf 78' lang='lat' dir='ltr'>euprd,</span> <span class='ocrx_word' id='word_1_63' title='bbox 292 918 390 977; x_wconf 77' lang='lat' dir='ltr'>parve</span> <span class='ocrx_word' id='word_1_64' title='bbox 422 895 525 957; x_wconf 82' lang='lat' dir='ltr'>insulae</span> <span class='ocrx_word' id='word_1_65' title='bbox 556 895 768 957; x_wconf 82' lang='lat' dir='ltr'>circumfusum</span> <span class='ocrx_word' id='word_1_66' title='bbox 794 915 933 966; x_wconf 89' lang='lat' dir='ltr'>amnem,</span> 
     </span>
    </p>
   </div>
   <div class='ocr_carea' id='block_1_6' title="bbox 11 1862 138 2032">
    <p class='ocr_par' dir='ltr' id='par_1_7' title="bbox 11 1862 138 2032">
     <span class='ocr_line' id='line_1_11' title="bbox 29 1862 138 1927; baseline -0.046 -13"><span class='ocrx_word' id='word_1_67' title='bbox 29 1862 138 1927; x_wconf 70' lang='lat' dir='ltr'>Traiicit</span> 
     </span>
     <span class='ocr_line' id='line_1_12' title="bbox 21 1923 124 1974; baseline -0.039 0"><span class='ocrx_word' id='word_1_68' title='bbox 21 1923 124 1974; x_wconf 79' lang='lat' dir='ltr'>Rhoda·</span> 
     </span>
     <span class='ocr_line' id='line_1_13' title="bbox 11 1997 85 2032; baseline 0.014 -4"><span class='ocrx_word' id='word_1_69' title='bbox 11 1997 85 2032; x_wconf 67' lang='lat' dir='ltr'>‚nm</span> 
     </span>
    </p>
   </div>
   <div class='ocr_carea' id='block_1_7' title="bbox 148 974 978 3421">
    <p class='ocr_par' dir='ltr' id='par_1_8' title="bbox 148 974 939 1856">
     <span class='ocr_line' id='line_1_14' title="bbox 148 974 934 1054; baseline -0.001 -20"><span class='ocrx_word' id='word_1_70' title='bbox 148 975 307 1050; x_wconf 82' lang='lat' dir='ltr'>latiorem,</span> <span class='ocrx_word' id='word_1_71' title='bbox 331 977 381 1036; x_wconf 88' lang='lat' dir='ltr'>ubi</span> <span class='ocrx_word' id='word_1_72' title='bbox 406 975 610 1049; x_wconf 86' lang='lat' dir='ltr'>dividebatur,</span> <span class='ocrx_word' id='word_1_73' title='bbox 633 996 727 1054; x_wconf 89' lang='lat' dir='ltr'>eoque</span> <span class='ocrx_word' id='word_1_74' title='bbox 752 976 858 1034; x_wconf 78' lang='lat' dir='ltr'>minds&#39;</span> <span class='ocrx_word' id='word_1_75' title='bbox 875 974 934 1033; x_wconf 90' lang='lat' dir='ltr'>alto</span> 
     </span>
     <span class='ocr_line' id='line_1_15' title="bbox 149 1054 936 1136; baseline -0.006 -19"><span class='ocrx_word' id='word_1_76' title='bbox 149 1054 256 1129; x_wconf 85' lang='lat' dir='ltr'>alveo,</span> <span class='ocrx_word' id='word_1_77' title='bbox 289 1058 441 1116; x_wconf 88' lang='lat' dir='ltr'>transitum</span> <span class='ocrx_word' id='word_1_78' title='bbox 464 1055 628 1116; x_wconf 79' lang='lat' dir='ltr'>ostendere.</span> <span class='ocrx_word' id='word_1_79' title='bbox 658 1056 703 1116; x_wconf 91' lang='lat' dir='ltr'>lbi</span> <span class='ocrx_word' id='word_1_80' title='bbox 727 1058 834 1136; x_wconf 86' lang='lat' dir='ltr'>raptim</span> <span class='ocrx_word' id='word_1_81' title='bbox 858 1073 936 1114; x_wconf 78' lang='lat' dir='ltr'>saeaa</span> 
     </span>
     <span class='ocr_line' id='line_1_16' title="bbox 148 1135 935 1216; baseline -0.009 -17"><span class='ocrx_word' id='word_1_82' title='bbox 148 1140 294 1210; x_wconf 82' lang='lat' dir='ltr'>materia,</span> <span class='ocrx_word' id='word_1_83' title='bbox 325 1148 459 1216; x_wconf 87' lang='lat' dir='ltr'>ratesque</span> <span class='ocrx_word' id='word_1_84' title='bbox 484 1135 655 1210; x_wconf 68' lang='lat' dir='ltr'>fabricate,</span> <span class='ocrx_word' id='word_1_85' title='bbox 680 1137 712 1194; x_wconf 90' lang='lat' dir='ltr'>in</span> <span class='ocrx_word' id='word_1_86' title='bbox 735 1137 842 1214; x_wconf 89' lang='lat' dir='ltr'>quibus</span> <span class='ocrx_word' id='word_1_87' title='bbox 865 1135 935 1214; x_wconf 88' lang='lat' dir='ltr'>equi</span> 
     </span>
     <span class='ocr_line' id='line_1_17' title="bbox 149 1215 937 1296; baseline -0.001 -20"><span class='ocrx_word' id='word_1_88' title='bbox 149 1217 265 1296; x_wconf 84' lang='lat' dir='ltr'>virique</span> <span class='ocrx_word' id='word_1_89' title='bbox 282 1226 310 1276; x_wconf 87' lang='lat' dir='ltr'>et</span> <span class='ocrx_word' id='word_1_90' title='bbox 327 1216 383 1276; x_wconf 85' lang='lat' dir='ltr'>alia</span> <span class='ocrx_word' id='word_1_91' title='bbox 403 1236 491 1276; x_wconf 87' lang='lat' dir='ltr'>onera</span> <span class='ocrx_word' id='word_1_92' title='bbox 512 1217 726 1296; x_wconf 67' lang='lat' dir='ltr'>trajicerentur.</span> <span class='ocrx_word' id='word_1_93' title='bbox 743 1218 791 1293; x_wconf 74' lang='lat'>(4)</span> <span class='ocrx_word' id='word_1_94' title='bbox 809 1215 937 1294; x_wconf 63' lang='lat' dir='ltr'>Hispani</span> 
     </span>
     <span class='ocr_line' id='line_1_18' title="bbox 149 1295 936 1374; baseline -0.005 -17"><span class='ocrx_word' id='word_1_95' title='bbox 149 1299 215 1358; x_wconf 87' lang='lat' dir='ltr'>siue</span> <span class='ocrx_word' id='word_1_96' title='bbox 232 1296 293 1356; x_wconf 87' lang='lat' dir='ltr'>ulla</span> <span class='ocrx_word' id='word_1_97' title='bbox 309 1297 410 1369; x_wconf 87' lang='lat' dir='ltr'>mole,</span> <span class='ocrx_word' id='word_1_98' title='bbox 431 1296 461 1355; x_wconf 89' lang='lat' dir='ltr'>in</span> <span class='ocrx_word' id='word_1_99' title='bbox 483 1306 561 1355; x_wconf 89' lang='lat' dir='ltr'>utres</span> <span class='ocrx_word' id='word_1_100' title='bbox 576 1295 759 1356; x_wconf 82' lang='lat' dir='ltr'>vestimentis</span> <span class='ocrx_word' id='word_1_101' title='bbox 774 1296 936 1374; x_wconf 85' lang='lat' dir='ltr'>conjectis,</span> 
     </span>
     <span class='ocr_line' id='line_1_19' title="bbox 149 1374 937 1456; baseline -0.003 -19"><span class='ocrx_word' id='word_1_102' title='bbox 149 1378 210 1456; x_wconf 88' lang='lat' dir='ltr'>ipsi</span> <span class='ocrx_word' id='word_1_103' title='bbox 236 1377 325 1435; x_wconf 87' lang='lat' dir='ltr'>cetris</span> <span class='ocrx_word' id='word_1_104' title='bbox 348 1377 510 1454; x_wconf 67' lang='lat' dir='ltr'>suppositis</span> <span class='ocrx_word' id='word_1_105' title='bbox 534 1376 727 1449; x_wconf 70' lang='lat' dir='ltr'>incubantes,</span> <span class='ocrx_word' id='word_1_106' title='bbox 753 1374 861 1439; x_wconf 86' lang='lat' dir='ltr'>flumen</span> <span class='ocrx_word' id='word_1_107' title='bbox 878 1386 937 1435; x_wconf 87' lang='lat' dir='ltr'>tra-</span> 
     </span>
     <span class='ocr_line' id='line_1_20' title="bbox 149 1456 938 1534; baseline -0.001 -19"><span class='ocrx_word' id='word_1_108' title='bbox 149 1456 265 1517; x_wconf 74' lang='lat' dir='ltr'>navdre.</span> <span class='ocrx_word' id='word_1_109' title='bbox 293 1458 332 1517; x_wconf 85' lang='lat' dir='ltr'>Et</span> <span class='ocrx_word' id='word_1_110' title='bbox 354 1456 428 1515; x_wconf 87' lang='lat' dir='ltr'>alius</span> <span class='ocrx_word' id='word_1_111' title='bbox 446 1458 595 1517; x_wconf 78' lang='lat' dir='ltr'>exercitus</span> <span class='ocrx_word' id='word_1_112' title='bbox 623 1457 733 1517; x_wconf 88' lang='lat' dir='ltr'>ratibus</span> <span class='ocrx_word' id='word_1_113' title='bbox 753 1456 861 1534; x_wconf 86' lang='lat' dir='ltr'>junctis</span> <span class='ocrx_word' id='word_1_114' title='bbox 880 1467 938 1515; x_wconf 85' lang='lat' dir='ltr'>tra·</span> 
     </span>
     <span class='ocr_line' id='line_1_21' title="bbox 148 1535 939 1617; baseline 0 -22"><span class='ocrx_word' id='word_1_115' title='bbox 148 1539 263 1616; x_wconf 87' lang='lat' dir='ltr'>jectus,</span> <span class='ocrx_word' id='word_1_116' title='bbox 279 1538 383 1596; x_wconf 70' lang='lat' dir='ltr'>&#39;castris</span> <span class='ocrx_word' id='word_1_117' title='bbox 400 1536 492 1616; x_wconf 77' lang='lat' dir='ltr'>prope</span> <span class='ocrx_word' id='word_1_118' title='bbox 513 1535 621 1596; x_wconf 87' lang='lat' dir='ltr'>flumen</span> <span class='ocrx_word' id='word_1_119' title='bbox 644 1538 773 1617; x_wconf 86' lang='lat' dir='ltr'>positis,</span> <span class='ocrx_word' id='word_1_120' title='bbox 796 1547 939 1596; x_wconf 89' lang='lat' dir='ltr'>nocturno</span> 
     </span>
     <span class='ocr_line' id='line_1_22' title="bbox 148 1615 937 1696; baseline -0.003 -17"><span class='ocrx_word' id='word_1_121' title='bbox 148 1617 257 1679; x_wconf 81' lang='lat' dir='ltr'>itinere</span> <span class='ocrx_word' id='word_1_122' title='bbox 274 1628 361 1695; x_wconf 89' lang='lat' dir='ltr'>atque</span> <span class='ocrx_word' id='word_1_123' title='bbox 375 1620 476 1696; x_wconf 88' lang='lat' dir='ltr'>operis</span> <span class='ocrx_word' id='word_1_124' title='bbox 488 1615 589 1678; x_wconf 81' lang='lat' dir='ltr'>labore</span> <span class='ocrx_word' id='word_1_125' title='bbox 600 1615 694 1677; x_wconf 85' lang='lat' dir='ltr'>lessus</span> <span class='ocrx_word' id='word_1_126' title='bbox 707 1659 716 1688; x_wconf 92' lang='lat'>,</span> <span class='ocrx_word' id='word_1_127' title='bbox 731 1618 833 1695; x_wconf 89' lang='lat' dir='ltr'>quiete</span> <span class='ocrx_word' id='word_1_128' title='bbox 851 1617 937 1677; x_wconf 83' lang='lat' dir='ltr'>unius</span> 
     </span>
     <span class='ocr_line' id='line_1_23' title="bbox 150 1694 939 1778; baseline 0.003 -24"><span class='ocrx_word' id='word_1_129' title='bbox 150 1696 211 1755; x_wconf 88' lang='lat' dir='ltr'>diei</span> <span class='ocrx_word' id='word_1_130' title='bbox 230 1695 382 1770; x_wconf 83' lang='lat' dir='ltr'>relicitur;</span> <span class='ocrx_word' id='word_1_131' title='bbox 406 1698 521 1755; x_wconf 86' lang='lat' dir='ltr'>intento</span> <span class='ocrx_word' id='word_1_132' title='bbox 545 1696 619 1756; x_wconf 91' lang='lat' dir='ltr'>duce</span> <span class='ocrx_word' id='word_1_133' title='bbox 646 1696 685 1757; x_wconf 90' lang='lat' dir='ltr'>ad</span> <span class='ocrx_word' id='word_1_134' title='bbox 707 1694 866 1757; x_wconf 88' lang='lat' dir='ltr'>consilium</span> <span class='ocrx_word' id='word_1_135' title='bbox 888 1715 939 1778; x_wconf 92' lang='lat' dir='ltr'>op·</span> 
     </span>
     <span class='ocr_line' id='line_1_24' title="bbox 148 1776 533 1856; baseline -0.005 -20"><span class='ocrx_word' id='word_1_136' title='bbox 148 1779 274 1856; x_wconf 74' lang='lat' dir='ltr'>portune</span> <span class='ocrx_word' id='word_1_137' title='bbox 304 1776 533 1854; x_wconf 81' lang='lat' dir='ltr'>exsequendum.</span> 
     </span>
    </p>

    <p class='ocr_par' dir='ltr' id='par_1_9' title="bbox 148 1852 938 2258">
     <span class='ocr_line' id='line_1_25' title="bbox 189 1852 938 1934; baseline 0.003 -20"><span class='ocrx_word' id='word_1_138' title='bbox 189 1854 241 1918; x_wconf 92' lang='lat' dir='ltr'>lV.</span> <span class='ocrx_word' id='word_1_139' title='bbox 268 1855 391 1914; x_wconf 84' lang='lat' dir='ltr'>Postero</span> <span class='ocrx_word' id='word_1_140' title='bbox 416 1853 467 1912; x_wconf 89' lang='lat' dir='ltr'>die</span> <span class='ocrx_word' id='word_1_141' title='bbox 487 1852 619 1932; x_wconf 86' lang='lat' dir='ltr'>prolecti¹</span> <span class='ocrx_word' id='word_1_142' title='bbox 640 1873 678 1914; x_wconf 87' lang='lat' dir='ltr'>ex</span> <span class='ocrx_word' id='word_1_143' title='bbox 699 1854 789 1928; x_wconf 86' lang='lat' dir='ltr'>loeo,</span> <span class='ocrx_word' id='word_1_144' title='bbox 817 1855 938 1934; x_wconf 86' lang='lat' dir='ltr'>prodito</span> 
     </span>
     <span class='ocr_line' id='line_1_26' title="bbox 148 1931 938 2015; baseline 0.003 -22"><span class='ocrx_word' id='word_1_145' title='bbox 148 1931 231 1994; x_wconf 83' lang='lat' dir='ltr'>fumo</span> <span class='ocrx_word' id='word_1_146' title='bbox 254 1931 423 2012; x_wconf 86' lang='lat' dir='ltr'>significant</span> <span class='ocrx_word' id='word_1_147' title='bbox 447 1952 479 1992; x_wconf 88' lang='lat' dir='ltr'>se</span> <span class='ocrx_word' id='word_1_148' title='bbox 497 1935 659 2007; x_wconf 81' lang='lat' dir='ltr'>transisse,</span> <span class='ocrx_word' id='word_1_149' title='bbox 683 1945 713 1994; x_wconf 88' lang='lat' dir='ltr'>et</span> <span class='ocrx_word' id='word_1_150' title='bbox 729 1934 811 1997; x_wconf 88' lang='lat' dir='ltr'>haud</span> <span class='ocrx_word' id='word_1_151' title='bbox 833 1936 938 2015; x_wconf 87' lang='lat' dir='ltr'>procul</span> 
     </span>
     <span class='ocr_line' id='line_1_27' title="bbox 149 2011 938 2096; baseline 0.005 -21"><span class='ocrx_word' id='word_1_152' title='bbox 149 2013 259 2075; x_wconf 86' lang='lat' dir='ltr'>abesse.</span> <span class='ocrx_word' id='word_1_153' title='bbox 283 2013 370 2094; x_wconf 90' lang='lat' dir='ltr'>Quod</span> <span class='ocrx_word' id='word_1_154' title='bbox 385 2011 435 2073; x_wconf 89' lang='lat' dir='ltr'>ubi</span> <span class='ocrx_word' id='word_1_155' title='bbox 449 2014 568 2095; x_wconf 84' lang='lat' dir='ltr'>accepit</span> <span class='ocrx_word' id='word_1_156' title='bbox 583 2014 732 2089; x_wconf 79' lang='lat' dir='ltr'>Annibal,</span> <span class='ocrx_word' id='word_1_157' title='bbox 755 2037 791 2077; x_wconf 88' lang='lat' dir='ltr'>ne</span> <span class='ocrx_word' id='word_1_158' title='bbox 809 2016 938 2096; x_wconf 81' lang='lat' dir='ltr'>tempori</span> 
     </span>
     <span class='ocr_line' id='line_1_28' title="bbox 149 2092 936 2177; baseline 0.004 -23"><span class='ocrx_word' id='word_1_159' title='bbox 149 2092 285 2169; x_wconf 88' lang='lat' dir='ltr'>deesset,</span> <span class='ocrx_word' id='word_1_160' title='bbox 310 2093 359 2155; x_wconf 89' lang='lat' dir='ltr'>dat</span> <span class='ocrx_word' id='word_1_161' title='bbox 393 2093 580 2177; x_wconf 83' lang='lat' dir='ltr'>signumad</span> <span class='ocrx_word' id='word_1_162' title='bbox 607 2095 827 2174; x_wconf 78' lang='lat' dir='ltr'>trajiciendum.</span> <span class='ocrx_word' id='word_1_163' title='bbox 866 2100 936 2161; x_wconf 83' lang='lat' dir='ltr'>lam</span> 
     </span>
     <span class='ocr_line' id='line_1_29' title="bbox 148 2175 938 2258; baseline 0 -22"><span class='ocrx_word' id='word_1_164' title='bbox 148 2187 269 2257; x_wconf 86' lang='lat' dir='ltr'>paratas</span> <span class='ocrx_word' id='word_1_165' title='bbox 286 2186 457 2258; x_wconf 83' lang='lat' dir='ltr'>aptatasque</span> <span class='ocrx_word' id='word_1_166' title='bbox 477 2175 604 2237; x_wconf 85' lang='lat' dir='ltr'>habebat</span> <span class='ocrx_word' id='word_1_167' title='bbox 625 2177 714 2258; x_wconf 91' lang='lat' dir='ltr'>pedes</span> <span class='ocrx_word' id='word_1_168' title='bbox 732 2176 859 2237; x_wconf 86' lang='lat' dir='ltr'>lintres:</span> <span class='ocrx_word' id='word_1_169' title='bbox 878 2179 938 2255; x_wconf 77' lang='lat'>(5)</span> 
     </span>
    </p>

    <p class='ocr_par' dir='ltr' id='par_1_10' title="bbox 148 2290 978 3285">
     <span class='ocr_line' id='line_1_30' title="bbox 183 2290 938 2362; baseline -0.003 -17"><span class='ocrx_word' id='word_1_170' title='bbox 183 2295 199 2345; x_wconf 75' lang='grc' dir='ltr'>ὃ</span> <span class='ocrx_word' id='word_1_171' title='bbox 222 2292 287 2358; x_wconf 85' lang='lat' dir='ltr'>(Ad</span> <span class='ocrx_word' id='word_1_172' title='bbox 300 2291 349 2358; x_wconf 83' lang='lat' dir='ltr'>id)</span> <span class='ocrx_word' id='word_1_173' title='bbox 368 2292 417 2347; x_wconf 80' lang='lat' dir='ltr'>Ad</span> <span class='ocrx_word' id='word_1_174' title='bbox 427 2290 458 2346; x_wconf 83' lang='lat' dir='ltr'>id</span> <span class='ocrx_word' id='word_1_175' title='bbox 467 2290 527 2345; x_wconf 82' lang='lat' dir='ltr'>dari</span> <span class='ocrx_word' id='word_1_176' title='bbox 594 2293 609 2345; x_wconf 87' lang='lat'><em>5</em></span> <span class='ocrx_word' id='word_1_177' title='bbox 633 2296 644 2359; x_wconf 91' lang='lat'>(</span> <span class='ocrx_word' id='word_1_178' title='bbox 653 2294 773 2362; x_wconf 77' lang='lat' dir='ltr'>Equites</span> <span class='ocrx_word' id='word_1_179' title='bbox 782 2291 847 2360; x_wconf 74' lang='lat' dir='ltr'>fere</span> <span class='ocrx_word' id='word_1_180' title='bbox 856 2311 938 2360; x_wconf 85' lang='lat' dir='ltr'>prop·</span> 
     </span>
     <span class='ocr_line' id='line_1_31' title="bbox 149 2356 965 2427; baseline -0.006 -14"><span class='ocrx_word' id='word_1_181' title='bbox 149 2356 527 2418; x_wconf 74' lang='lat' dir='ltr'>ducesGattiedocam,·ad</span> <span class='ocrx_word' id='word_1_182' title='bbox 560 2371 603 2410; x_wconf 85' lang='lat' dir='ltr'>ter</span> <span class='ocrx_word' id='word_1_183' title='bbox 628 2378 715 2427; x_wconf 82' lang='lat' dir='ltr'>equos</span> <span class='ocrx_word' id='word_1_184' title='bbox 737 2360 851 2423; x_wconf 85' lang='lat' dir='ltr'>nantes)</span> <span class='ocrx_word' id='word_1_185' title='bbox 875 2361 937 2411; x_wconf 85' lang='lat' dir='ltr'>Na·</span> <span class='ocrx_word' id='word_1_186' title='bbox 962 2397 965 2402; x_wconf 81' lang='lat'><em>.</em></span> 
     </span>
     <span class='ocr_line' id='line_1_32' title="bbox 149 2420 936 2495; baseline -0.001 -20"><span class='ocrx_word' id='word_1_187' title='bbox 149 2420 320 2490; x_wconf 84' lang='lat' dir='ltr'>milliaquin</span> <span class='ocrx_word' id='word_1_188' title='bbox 341 2441 375 2474; x_wconf 86' lang='lat' dir='ltr'>ue</span> <span class='ocrx_word' id='word_1_189' title='bbox 389 2437 416 2473; x_wconf 86' lang='lat' dir='ltr'>et</span> <span class='ocrx_word' id='word_1_190' title='bbox 433 2423 527 2495; x_wconf 73' lang='lat' dir='ltr'>uigin·</span> <span class='ocrx_word' id='word_1_191' title='bbox 561 2420 632 2474; x_wconf 79' lang='lat' dir='ltr'>vium</span> <span class='ocrx_word' id='word_1_192' title='bbox 663 2441 765 2495; x_wconf 72' lang='lat' dir='ltr'>egnren</span> <span class='ocrx_word' id='word_1_193' title='bbox 792 2423 936 2490; x_wconf 82' lang='lat' dir='ltr'>superiore</span> 
     </span>
     <span class='ocr_line' id='line_1_33' title="bbox 149 2442 936 2560; baseline 0.004 -21"><span class='ocrx_word' id='word_1_194' title='bbox 149 2486 271 2560; x_wconf 71' lang='lat' dir='ltr'>tiferrne</span> <span class='ocrx_word' id='word_1_195' title='bbox 284 2442 348 2541; x_wconf 66' lang='lat' dir='ltr'>intio</span> <span class='ocrx_word' id='word_1_196' title='bbox 360 2524 367 2550; x_wconf 92' lang='lat'>‚</span> <span class='ocrx_word' id='word_1_197' title='bbox 387 2488 479 2550; x_wconf 79' lang='lat' dir='ltr'>idest,</span> <span class='ocrx_word' id='word_1_198' title='bbox 492 2487 534 2538; x_wconf 85' lang='lat' dir='ltr'>ab·</span> <span class='ocrx_word' id='word_1_199' title='bbox 559 2486 634 2539; x_wconf 85' lang='lat' dir='ltr'>lluvii</span> <span class='ocrx_word' id='word_1_200' title='bbox 653 2502 731 2557; x_wconf 82' lang='lat' dir='ltr'>parte</span> <span class='ocrx_word' id='word_1_201' title='bbox 749 2489 936 2543; x_wconf 80' lang='lat' dir='ltr'>transrrtt‘tteus</span> 
     </span>
     <span class='ocr_line' id='line_1_34' title="bbox 148 2551 936 2625; baseline 0 -19"><span class='ocrx_word' id='word_1_202' title='bbox 148 2571 183 2606; x_wconf 82' lang='lat' dir='ltr'>eo</span> <span class='ocrx_word' id='word_1_203' title='bbox 210 2554 271 2606; x_wconf 92' lang='lat' dir='ltr'>loco</span> <span class='ocrx_word' id='word_1_204' title='bbox 292 2555 338 2606; x_wconf 89' lang='lat' dir='ltr'>ubi</span> <span class='ocrx_word' id='word_1_205' title='bbox 357 2567 412 2605; x_wconf 91' lang='lat' dir='ltr'>tum</span> <span class='ocrx_word' id='word_1_206' title='bbox 433 2567 527 2615; x_wconf 71' lang='lat' dir='ltr'>erant,</span> <span class='ocrx_word' id='word_1_207' title='bbox 559 2555 690 2625; x_wconf 82' lang='lat' dir='ltr'>equites,</span> <span class='ocrx_word' id='word_1_208' title='bbox 711 2557 756 2624; x_wconf 88' lang='lat' dir='ltr'>qui</span> <span class='ocrx_word' id='word_1_209' title='bbox 776 2551 857 2623; x_wconf 71' lang='lat' dir='ltr'>fere,</span> <span class='ocrx_word' id='word_1_210' title='bbox 879 2557 936 2607; x_wconf 83' lang='lat' dir='ltr'>sive</span> 
     </span>
     <span class='ocr_line' id='line_1_35' title="bbox 149 2620 936 2692; baseline 0 -18"><span class='ocrx_word' id='word_1_211' title='bbox 149 2621 234 2690; x_wconf 80' lang='lat' dir='ltr'>suprd</span> <span class='ocrx_word' id='word_1_212' title='bbox 247 2659 253 2683; x_wconf 89' lang='lat'><em>‚</em></span> <span class='ocrx_word' id='word_1_213' title='bbox 271 2623 326 2674; x_wconf 90' lang='lat' dir='ltr'>sive</span> <span class='ocrx_word' id='word_1_214' title='bbox 342 2620 430 2676; x_wconf 80' lang='lat' dir='ltr'>verula</span> <span class='ocrx_word' id='word_1_215' title='bbox 447 2638 526 2690; x_wconf 87' lang='lat' dir='ltr'>supe·</span> <span class='ocrx_word' id='word_1_216' title='bbox 560 2638 670 2691; x_wconf 87' lang='lat' dir='ltr'>qnorum</span> <span class='ocrx_word' id='word_1_217' title='bbox 709 2624 828 2692; x_wconf 78' lang='lat' dir='ltr'>pictique</span> <span class='ocrx_word' id='word_1_218' title='bbox 862 2636 936 2674; x_wconf 87' lang='lat' dir='ltr'>erant</span> 
     </span>
     <span class='ocr_line' id='line_1_36' title="bbox 148 2688 935 2758; baseline 0.003 -19"><span class='ocrx_word' id='word_1_219' title='bbox 148 2688 218 2739; x_wconf 64' lang='lat' dir='ltr'>liora</span> <span class='ocrx_word' id='word_1_220' title='bbox 232 2689 316 2741; x_wconf 88' lang='lat' dir='ltr'>amnis</span> <span class='ocrx_word' id='word_1_221' title='bbox 327 2730 333 2752; x_wconf 88' lang='lat'>‚</span> <span class='ocrx_word' id='word_1_222' title='bbox 344 2707 437 2756; x_wconf 75' lang='lat' dir='ltr'>paruoe</span> <span class='ocrx_word' id='word_1_223' title='bbox 448 2690 526 2743; x_wconf 85' lang='lat' dir='ltr'>insu·</span> <span class='ocrx_word' id='word_1_224' title='bbox 557 2703 668 2758; x_wconf 82' lang='lat' dir='ltr'>propter</span> <span class='ocrx_word' id='word_1_225' title='bbox 678 2726 685 2749; x_wconf 83' lang='lat'>,</span> <span class='ocrx_word' id='word_1_226' title='bbox 696 2706 742 2741; x_wconf 83' lang='lat' dir='ltr'>seu</span> <span class='ocrx_word' id='word_1_227' title='bbox 754 2691 835 2754; x_wconf 77' lang='lat' dir='ltr'>prope</span> <span class='ocrx_word' id='word_1_228' title='bbox 848 2709 935 2757; x_wconf 80' lang='lat' dir='ltr'>equos</span> 
     </span>
     <span class='ocr_line' id='line_1_37' title="bbox 151 2752 935 2822; baseline 0.005 -19"><span class='ocrx_word' id='word_1_229' title='bbox 151 2752 188 2803; x_wconf 82' lang='lat' dir='ltr'>loe</span> <span class='ocrx_word' id='word_1_230' title='bbox 197 2752 395 2822; x_wconf 80' lang='lat' dir='ltr'>circumfusum</span> <span class='ocrx_word' id='word_1_231' title='bbox 404 2773 523 2818; x_wconf 73' lang='lat' dir='ltr'>onlnem,</span> <span class='ocrx_word' id='word_1_232' title='bbox 559 2754 655 2806; x_wconf 78' lang='lat' dir='ltr'>nantes</span> <span class='ocrx_word' id='word_1_233' title='bbox 669 2791 675 2815; x_wconf 91' lang='lat'><strong><em>‚</em></strong></span> <span class='ocrx_word' id='word_1_234' title='bbox 706 2755 935 2822; x_wconf 81' lang='lat' dir='ltr'>tranquillitatem</span> 
     </span>
     <span class='ocr_line' id='line_1_38' title="bbox 151 2817 934 2889; baseline 0 -19"><span class='ocrx_word' id='word_1_235' title='bbox 151 2817 308 2870; x_wconf 81' lang='lat' dir='ltr'>latiorem...</span> <span class='ocrx_word' id='word_1_236' title='bbox 321 2818 466 2871; x_wconf 80' lang='lat' dir='ltr'>transitum</span> <span class='ocrx_word' id='word_1_237' title='bbox 481 2839 526 2871; x_wconf 87' lang='lat' dir='ltr'>os·</span> <span class='ocrx_word' id='word_1_238' title='bbox 557 2819 695 2886; x_wconf 67' lang='lat' dir='ltr'>praebebat</span> <span class='ocrx_word' id='word_1_239' title='bbox 716 2819 842 2870; x_wconf 78' lang='lat' dir='ltr'>lintribus</span> <span class='ocrx_word' id='word_1_240' title='bbox 857 2819 934 2889; x_wconf 84' lang='lat' dir='ltr'>iufra</span> 
     </span>
     <span class='ocr_line' id='line_1_39' title="bbox 150 2881 935 2952; baseline -0.009 -15"><span class='ocrx_word' id='word_1_241' title='bbox 150 2881 274 2937; x_wconf 77' lang='lat' dir='ltr'>lertrl&#39;ere.</span> <span class='ocrx_word' id='word_1_242' title='bbox 298 2883 414 2936; x_wconf 85' lang='lat' dir='ltr'>Verbum</span> <span class='ocrx_word' id='word_1_243' title='bbox 436 2898 527 2936; x_wconf 85' lang='lat' dir='ltr'>osten·</span> <span class='ocrx_word' id='word_1_244' title='bbox 561 2883 770 2952; x_wconf 80' lang='lat' dir='ltr'>trajicientibus.</span> <span class='ocrx_word' id='word_1_245' title='bbox 789 2884 870 2934; x_wconf 87' lang='lat' dir='ltr'>Addit</span> <span class='ocrx_word' id='word_1_246' title='bbox 888 2903 935 2936; x_wconf 77' lang='lat' dir='ltr'>uo.</span> 
     </span>
     <span class='ocr_line' id='line_1_40' title="bbox 151 2948 978 3017; baseline -0.002 -17"><span class='ocrx_word' id='word_1_247' title='bbox 151 2948 217 3003; x_wconf 78' lang='lat' dir='ltr'>alere</span> <span class='ocrx_word' id='word_1_248' title='bbox 228 2966 277 3016; x_wconf 87' lang='lat' dir='ltr'>pro</span> <span class='ocrx_word' id='word_1_249' title='bbox 289 2949 471 3016; x_wconf 70' lang='lat' dir='ltr'>premialinit.</span> <span class='ocrx_word' id='word_1_250' title='bbox 482 2950 528 3000; x_wconf 86' lang='lat' dir='ltr'>ha·</span> <span class='ocrx_word' id='word_1_251' title='bbox 561 2965 619 2998; x_wconf 89' lang='lat' dir='ltr'>cem</span> <span class='ocrx_word' id='word_1_252' title='bbox 630 2948 715 3017; x_wconf 80' lang='lat' dir='ltr'>ferd,</span> <span class='ocrx_word' id='word_1_253' title='bbox 733 2949 793 3015; x_wconf 89' lang='lat' dir='ltr'>quia</span> <span class='ocrx_word' id='word_1_254' title='bbox 809 2967 863 3000; x_wconf 90' lang='lat' dir='ltr'>non</span> <span class='ocrx_word' id='word_1_255' title='bbox 877 2969 935 3003; x_wconf 88' lang='lat' dir='ltr'>om.</span> <span class='ocrx_word' id='word_1_256' title='bbox 974 3001 978 3007; x_wconf 65' lang='grc'>,</span> 
     </span>
     <span class='ocr_line' id='line_1_41' title="bbox 151 3015 935 3083; baseline 0.003 -16"><span class='ocrx_word' id='word_1_257' title='bbox 151 3016 267 3068; x_wconf 80' lang='lat' dir='ltr'>bendum</span> <span class='ocrx_word' id='word_1_258' title='bbox 283 3029 331 3068; x_wconf 82' lang='lat' dir='ltr'>est.</span> <span class='ocrx_word' id='word_1_259' title='bbox 348 3016 435 3066; x_wconf 79' lang='lat' dir='ltr'>Miltia</span> <span class='ocrx_word' id='word_1_260' title='bbox 449 3017 527 3083; x_wconf 87' lang='lat' dir='ltr'>quin·</span> <span class='ocrx_word' id='word_1_261' title='bbox 561 3015 804 3081; x_wconf 73' lang='lat' dir='ltr'>necequitesprope</span> <span class='ocrx_word' id='word_1_262' title='bbox 815 3035 842 3067; x_wconf 84' lang='lat' dir='ltr'>so</span> <span class='ocrx_word' id='word_1_263' title='bbox 853 3017 935 3069; x_wconf 88' lang='lat' dir='ltr'>habe-</span> 
     </span>
     <span class='ocr_line' id='line_1_42' title="bbox 153 3079 933 3152; baseline 0.004 -19"><span class='ocrx_word' id='word_1_264' title='bbox 153 3099 204 3152; x_wconf 86' lang='lat' dir='ltr'>que</span> <span class='ocrx_word' id='word_1_265' title='bbox 228 3096 254 3134; x_wconf 86' lang='lat' dir='ltr'>et</span> <span class='ocrx_word' id='word_1_266' title='bbox 280 3083 379 3151; x_wconf 79' lang='lat' dir='ltr'>vigenti</span> <span class='ocrx_word' id='word_1_267' title='bbox 404 3097 528 3148; x_wconf 86' lang='lat' dir='ltr'>passuum</span> <span class='ocrx_word' id='word_1_268' title='bbox 561 3079 625 3131; x_wconf 88' lang='lat' dir='ltr'>bant</span> <span class='ocrx_word' id='word_1_269' title='bbox 635 3097 715 3148; x_wconf 81' lang='lat' dir='ltr'>equos</span> <span class='ocrx_word' id='word_1_270' title='bbox 726 3097 820 3134; x_wconf 88' lang='lat' dir='ltr'>nantes</span> <span class='ocrx_word' id='word_1_271' title='bbox 829 3087 933 3152; x_wconf 83' lang='lat' dir='ltr'>;siqui·</span> 
     </span>
     <span class='ocr_line' id='line_1_43' title="bbox 153 3146 932 3220; baseline 0.003 -19"><span class='ocrx_word' id='word_1_272' title='bbox 153 3147 287 3201; x_wconf 22' lang='lat' dir='ltr'>efficiunt,</span> <span class='ocrx_word' id='word_1_273' title='bbox 308 3146 422 3215; x_wconf 81' lang='lat' dir='ltr'>amplids</span> <span class='ocrx_word' id='word_1_274' title='bbox 465 3161 528 3202; x_wconf 89' lang='lat' dir='ltr'>octo</span> <span class='ocrx_word' id='word_1_275' title='bbox 563 3147 932 3220; x_wconf 75' lang='lat' dir='ltr'>dem‚utiulrdmemoratur,</span> 
     </span>
     <span class='ocr_line' id='line_1_44' title="bbox 150 3215 975 3285; baseline 0.004 -17"><span class='ocrx_word' id='word_1_276' title='bbox 150 3216 241 3268; x_wconf 86' lang='lat' dir='ltr'>leucas</span> <span class='ocrx_word' id='word_1_277' title='bbox 259 3229 397 3273; x_wconf 80' lang='lat' dir='ltr'>nostrates.</span> <span class='ocrx_word' id='word_1_278' title='bbox 559 3215 660 3283; x_wconf 85' lang='lat' dir='ltr'>aliquot</span> <span class='ocrx_word' id='word_1_279' title='bbox 690 3232 771 3285; x_wconf 82' lang='lat' dir='ltr'>equos</span> <span class='ocrx_word' id='word_1_280' title='bbox 808 3219 932 3272; x_wconf 84' lang='lat' dir='ltr'>instratos</span> <span class='ocrx_word' id='word_1_281' title='bbox 971 3236 975 3241; x_wconf 88' lang='lat'><em>·</em></span> 
     </span>
    </p>

    <p class='ocr_par' dir='ltr' id='par_1_11' title="bbox 152 3281 932 3421">
     <span class='ocr_line' id='line_1_45' title="bbox 186 3281 932 3351; baseline 0.004 -16"><span class='ocrx_word' id='word_1_282' title='bbox 186 3283 291 3349; x_wconf 73' lang='lat' dir='ltr'>4(Sine</span> <span class='ocrx_word' id='word_1_283' title='bbox 301 3283 360 3351; x_wconf 78' lang='lat' dir='ltr'>ullo</span> <span class='ocrx_word' id='word_1_284' title='bbox 367 3281 450 3349; x_wconf 86' lang='lat' dir='ltr'>mole)</span> <span class='ocrx_word' id='word_1_285' title='bbox 462 3281 526 3336; x_wconf 82' lang='lat' dir='ltr'>Sine</span> <span class='ocrx_word' id='word_1_286' title='bbox 560 3283 725 3351; x_wconf 79' lang='lat' dir='ltr'>frenatosque</span> <span class='ocrx_word' id='word_1_287' title='bbox 740 3285 769 3337; x_wconf 89' lang='lat' dir='ltr'>in</span> <span class='ocrx_word' id='word_1_288' title='bbox 782 3302 864 3343; x_wconf 69' lang='lat' dir='ltr'>natea</span> <span class='ocrx_word' id='word_1_289' title='bbox 881 3288 932 3343; x_wconf 83' lang='lat' dir='ltr'>tm-</span> 
     </span>
     <span class='ocr_line' id='line_1_46' title="bbox 152 3347 711 3421; baseline 0.007 -20"><span class='ocrx_word' id='word_1_290' title='bbox 152 3347 209 3402; x_wconf 85' lang='lat' dir='ltr'>ullo</span> <span class='ocrx_word' id='word_1_291' title='bbox 224 3349 324 3421; x_wconf 73' lang='lat' dir='ltr'>malote</span> <span class='ocrx_word' id='word_1_292' title='bbox 339 3362 475 3419; x_wconf 75' lang='lat' dir='ltr'>apparatu.</span> <span class='ocrx_word' id='word_1_293' title='bbox 559 3362 711 3420; x_wconf 79' lang='lat' dir='ltr'>posuerant.</span> 
     </span>
    </p>
   </div>
   <div class='ocr_carea' id='block_1_8' title="bbox 0 0 1015 3780">
    <p class='ocr_par' dir='ltr' id='par_1_12' title="bbox 0 0 1015 3780">
     <span class='ocr_line' id='line_1_47' title="bbox 0 0 1015 3780; baseline 0 0"><span class='ocrx_word' id='word_1_294' title='bbox 0 0 1015 3780; x_wconf 95' lang='lat' dir='ltr'> </span> 
     </span>
    </p>
   </div>
  </div>
 </body>
</html>
