2016 3780
168 215 211 280 28
396 207 521 278 Tres
567 207 723 279 Lrvsr

167 313 286 370 ornicum
299 322 383 392 etque
395 315 534 373 inimicum
545 317 693 374 discrimen
705 333 795 385 nosse,
806 311 888 392 leges
896 334 961 377 rem

166 391 511 462 enrdrm,inexorobilem
519 414 597 452 esse:
606 393 789 454 salubriorem
798 391 958 456 meliorem·

166 491 220 606 que
233 472 309 549 inopi
319 470 400 552 quim
410 475 520 550 potenti
529 493 540 530 r
553 472 625 531 nilril
636 472 797 533 laxamenti
807 495 858 533 aec
868 477 956 539 uenio

185 547 286 621 abere,
302 553 326 608 ei
343 555 452 611 modum
468 554 625 611 excesseris
634 573 647 624 ,⁶
661 552 814 632 periculum
826 575 907 627 esse,
923 558 955 616 irs

165 637 210 686 tot
221 627 349 690 humenis
363 630 501 692 erroribus
515 632 561 706 (2)
573 630 633 691 soli
644 632 800 693 innocentii
812 636 910 693 uisere.
930 694 936 703 ,

206 705 244 766 ΙΙ.
264 709 305 769 lta
322 711 381 788 jam
400 710 450 770 sul
471 722 576 791 sponte
599 714 683 790 egris
702 711 832 784 animis,
854 713 954 790 legati

164 784 201 844 ab
224 790 344 866 regibus
365 793 601 872 superveniunt,
625 794 689 853 siue
705 794 856 852 mentione
870 792 955 853 redi.

164 865 234 939 tus,
270 869 346 930 bona
371 872 484 930 tantum
509 884 704 952 repetentes;
732 891 834 932 eorum
861 873 952 936 verba

162 955 320 1028 postquam
340 950 370 1008 in
390 962 493 1011 senatu
515 951 614 1013 audita
640 963 727 1025 sunt,
757 971 812 1033 per
832 952 954 1032 aliquot

163 1024 225 1086 dies
242 1050 276 1089 ea
294 1030 473 1091 consultatio
484 1032 598 1091 tenuitt
616 1051 653 1090 ne
668 1052 727 1092 nou
743 1030 859 1091 redditi
876 1031 953 1094 belli

162 1109 271 1184 causi,
292 1109 408 1171 reddita
426 1110 497 1171 belli
512 1112 632 1172 materia
648 1123 679 1170 et
692 1111 891 1188 adjumentum
904 1132 951 1172 es·

160 1198 236 1247 sent.
270 1189 392 1250 Interim
415 1192 509 1273 legati
533 1191 583 1250 alii
605 1191 665 1251 alia
692 1191 792 1251 moliri
814 1214 821 1252 :
845 1195 951 1273 aperte

160 1263 237 1328 bona
259 1281 451 1350 repetentes,
473 1272 549 1333 cllru
567 1271 757 1352 recuperandi
776 1271 860 1350 regni
874 1290 951 1331 con-

161 1346 229 1408 silia
248 1357 365 1410 struere
383 1373 389 1409 τ
414 1364 444 1412 et
468 1353 527 1431 (3)
548 1365 686 1428 tanquam
703 1350 740 1410 ad
757 1351 787 1409 id
803 1348 881 1430 quoti
899 1351 950 1430 agi

159 1425 333 1506 videbatur,
358 1432 522 1494 ambientes
548 1433 691 1493 nobilium
714 1431 951 1493 adolescentium

160 1511 275 1571 animos
300 1523 490 1593 pertentaut3
520 1513 537 1574 s
565 1515 675 1595 quibus
726 1511 822 1573 lacide
850 1512 949 1574 oratio

159 1603 281 1675 accepta
305 1605 374 1668 est,
406 1595 453 1655 his
483 1595 595 1656 litteras
618 1595 655 1654 ab
710 1591 852 1670 asquiuiis
879 1593 949 1653 red·

158 1669 255 1745 dunt,
280 1683 310 1731 et
333 1672 370 1730 de
395 1673 578 1750 accipiendis
593 1672 670 1729 clam
688 1684 775 1732 nocte
792 1673 824 1732 iu
840 1671 948 1734 urbem

159 1751 279 1823 regibus
303 1749 520 1825 colloquuntur.

50 1833 149 1898 'enjuraf
201 1825 254 1886 lll.
280 1827 438 1900 Vitelliis,
464 1823 660 1906 Aquilliisque
683 1822 821 1883 iratribus
845 1829 949 1904 primis

50 1894 318 2003 fbsslssjjeommissa
345 1925 392 1969 res
420 1917 476 1968 est.
506 1905 699 1970 Vitelliorum
722 1921 806 1961 soror
829 1910 950 1992 consuli

50 1991 144 2060 „m
160 1997 252 2063 nupta
273 1984 368 2047 Bruto
387 1998 470 2063 erat3
496 1989 613 2066 jamque
634 2005 671 2044 ex
694 2002 731 2042 eo
755 1985 949 2044 matrimonio

67 2067 68 2071 ’
161 2066 366 2130 adolescentes
379 2079 460 2129 eraut
476 2067 588 2140 liberi,
612 2066 699 2129 Titus
721 2063 921 2138 Tiberiusque
937 2088 945 2126 :

159 2167 210 2209 cos
224 2167 339 2229 quoque
356 2151 389 2210 in
403 2151 576 2212 societatem
587 2147 706 2210 consilii
720 2142 854 2204 avunculi
867 2162 948 2206 assu-

119 2236 122 2244 '
158 2241 262 2304 munt,
285 2243 427 2310 praterea
443 2247 473 2291 et
488 2231 602 2295 nobiles
618 2228 729 2305 aliquot
742 2224 946 2287 adolescentes

159 2310 271 2371 conscii
292 2314 458 2390 assumpti,
487 2329 612 2386 quorum
633 2316 777 2388 vetustate
796 2307 946 2367 memoria

160 2389 247 2448 abiit.
261 2386 384 2447 Interim
404 2387 474 2447 cium
494 2390 525 2446 in
545 2397 645 2447 senatu
665 2387 784 2445 vicisset
798 2387 945 2446 sententia

158 2487 224 2547 quae
241 2468 380 2536 censebat
397 2466 547 2528 reddenda
569 2468 644 2527 bona
666 2487 673 2523 t
699 2484 824 2542 eamque
847 2467 945 2543 ipsam

159 2567 279 2610 causam
304 2567 398 2609 morae
422 2550 454 2608 in
476 2550 548 2608 urbe
568 2547 707 2608 haberent
731 2546 843 2623 legati,
862 2545 943 2623 quod

159 2631 290 2710 spatium
311 2630 347 2690 ad
367 2629 506 2690 vehicula
527 2626 753 2707 comparandae
773 2624 943 2687 consulibus

159 2712 379 2791 assmpsissent,
403 2710 508 2788 quibus
532 2729 635 2788 regum
657 2718 840 2786 asportarent
869 2725 942 2778 res,

121 2838 123 2842 .
159 2810 248 2855 omne
270 2791 299 2850 id
323 2801 439 2869 tempus
468 2810 536 2852 cum
563 2788 725 2869 'conjuratis
748 2783 944 2846 consultando

158 2872 341 2931 absumunt:
366 2871 563 2947 evincuntque
589 2866 749 2938 instando,
777 2875 807 2923 ut
837 2863 944 2928 liuere
959 2873 978 2885 ““

160 2951 218 3010 eibi
235 2950 273 3010 ad
293 2949 475 3027 Tarquinios
495 2949 634 3019 darentur
656 2967 663 3005 τ
690 2947 762 3007 Num
787 2945 874 3023 aliter
876 2949 944 3095 ff

141 3033 314 3105 ‚creaturos
330 3052 400 3104 eos,
419 3033 473 3103 uon
493 3042 563 3111 sono
584 3033 620 3089 alr
637 3027 741 3107 legatis
763 3048 846 3108 super
861 3051 875 3088 r

143 3114 146 3119 ’
158 3115 249 3174 tontis
270 3111 364 3188 offerri
375 3111 391 3170 l

909 3051 942 3090 us

183 3224 453 3349 ogSoldiunocentid
460 3224 534 3280 siue·
568 3228 604 3278 Et
614 3245 660 3295 per
671 3227 786 3292 speciem
796 3225 852 3293 eius
860 3245 943 3298 nego,-

158 3306 202 3358 τε)
228 3295 533 3363 olluslnnoceutiaeprae·
567 3296 598 3346 tii
613 3295 683 3365 quud
696 3310 785 3346 curare
800 3296 943 3352 credebau-

117 3407 120 3414 .
156 3363 532 3426 sidiovivere,actutoeesse.
567 3375 623 3432 tur,
636 3364 941 3418 circumeuutosdomoe.

50 3406 63 3527 *p
192 3431 281 3500 ⁸(nr
293 3429 530 3501 camoenalis)
