2016 3780
197 139 482 212 Nuunnrro
531 137 675 210 XLV.
783 160 843 208 121

103 244 158 309 IX.
170 245 229 306 Sed
240 247 289 305 ubi
305 247 364 324 jam
378 243 456 304 haud
474 243 541 324 plus
558 244 732 321 quingentos
744 259 846 319 passus

61 328 143 386 acies
159 329 238 386 inter
253 347 317 385 sese
334 326 472 396 aberant,
494 325 580 400 siguo
603 322 734 402 receptui
754 322 846 393 dato,

63 408 194 485 Scipio,
229 404 445 486 patefactisque
466 404 648 473 ordinibus,
682 402 849 479 equitatum

63 507 181 549 omnem
202 485 354 563 levemque
379 495 555 559 armaturam
581 486 612 542 in
635 481 766 540 medium
798 478 849 538 ac-

61 578 181 646 ceptam
198 565 381 644 divisamque
394 566 426 623 in
444 575 540 642 partes
554 561 641 633 duas,
664 564 694 620 in
709 561 849 621 subsidiis
924 602 930 611 -

64 657 131 728 post
157 666 264 706 cornua
288 644 375 704 locat.
405 644 478 704 lude
503 644 556 703 uhi
582 643 761 723 incipiendae
790 644 864 720 jam·

64 730 169 806 pugne
186 738 304 807 tempus
317 737 402 796 erat,
419 724 566 802 Hispanos
581 729 592 798 (
610 744 643 782 ea
657 723 754 781 modia
769 725 850 782 acies

62 807 119 866 fuit
136 811 148 882 )
164 826 265 886 presso
282 805 371 883 gradu
390 802 636 882 incederejubet.
658 802 726 883 lpse
743 802 850 862 ti.dex-

63 898 110 944 tro
129 906 219 946 cornu
238 887 304 960 (ibi
319 903 444 962 nauaque
467 894 610 961 praeerat,
629 886 641 958 )
659 883 800 943 nuncium
814 881 850 941 ad

63 967 195 1024 Silanum
209 977 238 1023 et
256 966 402 1025 Marcium
421 964 515 1023 mittit
532 1007 540 1036 ,
563 975 594 1023 ut
606 981 695 1022 cornu
710 963 852 1022 extende-

66 1056 131 1102 rent
155 1049 186 1102 in
208 1045 355 1104 sinistram
378 1056 519 1125 partem,
547 1043 790 1121 quemadmodum
819 1063 851 1101 sa

66 1124 236 1182 tendentem
249 1125 285 1182 ad
302 1125 432 1184 dextram
449 1123 590 1183 vidissent
608 1150 617 1196 3
634 1136 664 1181 et
681 1144 747 1185 cum
759 1143 852 1204 expe-

65 1204 138 1263 ditis
153 1202 285 1283 peditum
302 1205 495 1284 equitumque
507 1204 589 1284 priris
603 1225 730 1282 pugnam
747 1223 853 1262 couse-

67 1296 168 1343 rereut
189 1303 254 1342 cunr
272 1285 378 1354 hoste,
399 1287 485 1363 quim
498 1285 579 1343 coire
598 1287 676 1343 inter
697 1305 729 1345 se
748 1283 852 1344 mediae

65 1365 149 1425 acies
163 1376 288 1441 possent.
307 1365 350 1424 ita
365 1364 492 1424 diductis
508 1364 665 1436 cornibus,
681 1384 748 1425 cum
762 1365 852 1423 ternis

67 1442 201 1525 peditum
216 1444 408 1516 cohortibus,
421 1446 569 1521 ternisque
580 1447 714 1523 equitum
727 1445 850 1516 turma,

68 1523 173 1584 adhoc
187 1523 323 1582 velitibus
340 1567 349 1595 ,
365 1525 459 1584 citato
475 1524 567 1602 gradu
583 1525 614 1580 iu
629 1525 743 1583 hostem
761 1525 853 1586 duce-

69 1604 159 1677 bant,
179 1603 368 1682 sequentihus
382 1610 429 1680 (7)
446 1605 477 1661 iu
491 1602 643 1683 obliquum
656 1604 729 1662 aliis.

108 1685 148 1746 X.
166 1685 253 1744 Sinus
267 1685 298 1743 in
311 1682 412 1742 medio
427 1694 490 1743 erat
502 1684 556 1760 qud
572 1684 691 1761 segnitia
709 1682 851 1764 Hispano-

68 1785 135 1824 rum
148 1767 231 1843 signa
248 1763 422 1825 incedebant
440 1785 446 1823 ε
464 1766 565 1841 etjam
581 1763 773 1823 conflixerant
786 1785 855 1824 cor-

55 1865 124 1904 ·nua
139 1889 148 1916 ,
175 1847 266 1918 crim,
286 1845 361 1924 qubd
376 1844 490 1904 roboris
506 1847 538 1902 in
552 1845 615 1917 acie
630 1845 758 1904 hostium
772 1857 851 1919 erat,

68 1926 151 1984 Poeni
168 1926 299 1985 veterani
314 1925 438 2005 Afrique
461 1925 589 1992 noudum
606 1924 644 1985 ad
662 1925 716 1986 teli
738 1928 856 2006 conjec-

70 2013 132 2061 tum
146 2008 314 2075 venissent,
337 2025 432 2082 neque
448 2006 479 2060 in
491 2024 618 2075 cornua,
641 2016 675 2062 ut
688 2005 856 2083 adjuvarent

70 2093 255 2162 pugnantes,
282 2085 447 2144 discurrere
469 2082 630 2154 aude'rent,
653 2103 690 2140 ne
705 2087 857 2165 aperirent

69 2161 196 2220 mediam
207 2166 303 2222 aciem
313 2164 444 2220 venienti
454 2183 492 2221 ex
504 2161 627 2222 adverso
640 2161 729 2224 hosti.
739 2165 857 2227 Cornua
928 2188 931 2203 ²

71 2242 200 2321 ancipiti
224 2243 332 2323 praelio
352 2244 530 2320 urgebantur
546 2262 552 2300 :
571 2261 688 2320 eques,
723 2245 857 2326 levisque

63 2334 246 2396 armatura,
279 2333 309 2380 et
332 2324 469 2395 velites,
502 2322 712 2384 circur.rductis
737 2326 791 2388 alis
824 2328 859 2387 iu
950 2360 952 2365 ·

59 2401 163 2462 iatera
179 2403 367 2463 incurrebant
379 2427 389 2479 3
403 2402 543 2464 cohortes
556 2403 572 2463 b
585 2403 681 2463 fronte
693 2408 856 2485 urgebant,

68 2492 101 2540 ut
117 2484 323 2562 abrumperent
337 2502 445 2544 cornua
459 2482 476 2542 b
489 2495 587 2544 cetera
603 2486 678 2544 acie.

111 2561 167 2621 xt.
185 2563 232 2639 (8)
247 2565 283 2625 Et
298 2567 366 2625 crim
384 2564 421 2624 ab
432 2565 513 2623 omni
530 2575 614 2645 parte
632 2565 858 2648 haudquaquam

68 2659 124 2721 par
145 2662 243 2721 pugna
268 2655 358 2716 erat,
392 2657 455 2704 tum
475 2644 564 2724 ,qubd¹
579 2645 664 2705 turba
688 2647 857 2709 Baioarium

68 2723 259 2803 tironumque
290 2725 488 2805 Hispanorum
520 2723 655 2786 Romano
675 2729 857 2810 'Latinoque

103 2856 117 2902 7
130 2839 140 2904 (
151 2840 182 2889 Iu
193 2838 355 2908 obliquum)
371 2843 411 2892 Ita
419 2853 448 2892 ut
481 2857 569 2911 pugna
581 2857 651 2904 erat,
664 2858 720 2896 tum
732 2848 857 2898 omnibus

67 2923 125 2957 non
137 2904 203 2974 equa
218 2906 303 2957 fronte
321 2909 448 2972 procede·
482 2909 513 2959 de
535 2913 640 2973 causis,
661 2925 716 2963 tum
739 2911 797 2964 ideb
814 2915 860 2966 rel

68 2985 156 3033 retur,
176 2974 259 3025 sedin
270 2975 367 3026 lineam
379 2975 448 3027 obti-
481 2978 595 3028 maxima
611 3015 618 3041 ,
641 2979 711 3046 quod
727 2982 800 3031 turba
815 2982 860 3032 in·

70 3055 172 3104 quam,
196 3057 253 3107 quae
274 3043 306 3092 ab
323 3043 447 3094 extremis
481 3044 591 3098 condita
617 3046 763 3097 Balearium
794 3046 860 3100 tiro-

70 3105 449 3178 ductacornibusobliqubin·
481 3127 599 3180 numque
611 3111 791 3177 Hispanorum
803 3114 860 3164 tto-
915 3138 920 3149 r

71 3171 172 3223 cideret
186 3174 215 3222 in
226 3175 338 3225 mediam
350 3179 448 3229 aciem.
483 3177 861 3248 mauoLatinoquemiiitiob·

107 3239 123 3287 8
132 3237 176 3302 (E
177 3249 187 3288 t
196 3240 256 3290 cr'am
264 3239 297 3290 ab
304 3245 377 3313 oraturi
382 3261 447 3311 par·
472 3243 553 3309 'jecta
565 3255 619 3293 erat
629 3285 635 3309 ,
652 3259 677 3296 et
689 3246 758 3316 qubd
767 3262 865 3316 proce*

77 3313 102 3353 tc
118 3305 127 3369 )
141 3305 176 3354 Et
186 3305 388 3431 haudquaquam
404 3325 452 3374 par
486 3310 563 3361 dente
574 3309 627 3376 jam
638 3312 711 3367 die...

154 3371 228 3433 Pars
243 3372 258 3430 I
276 3417 284 3434 .
674 3381 699 3442 F

772 3314 943 3634 ,Ι
