2016 3780
472 14 526 23 ““““““
540 14 605 23 ““·“·-’
615 14 630 21 v
643 14 885 31 νιπ-ι-ιῃμ-ι-ι--ιι--,

163 183 234 260 170'
370 208 373 215 ·
412 170 717 242 Ttu1L1v11.
793 235 797 239 .

158 265 248 342 quiam
272 263 349 322 alt‘er
369 261 470 323 conssul
500 265 614 331 uictore
638 265 769 326 exercitu
796 264 946 342 advenit,

159 355 190 401 et
204 344 387 405 commeatus
408 363 444 402 ax
463 344 617 404 montibus
632 345 806 407 Samnitium
831 346 947 421 inventi

158 435 270 496 erant,
301 435 331 482 et
356 423 658 484 auxilia'intromissa.
681 426 819 494 areston
840 426 969 491 omilin·

83 540 94 551 -
159 503 299 585 adventus
314 503 432 562 Publilii
450 503 542 576 lecit,
568 507 619 583 qui
639 506 793 567 obsidione
808 503 945 585 delegati
997 568 999 572 ,

158 580 190 641 in
202 603 303 643 curam
316 582 438 661 college
451 626 462 655 ‚
488 598 598 643 'vacuus
642 605 675 644 er
687 602 772 664 agros
781 597 889 647 ennete
900 584 945 645 i'n·

155 660 231 722 festa
243 665 456 723 commeatibus
468 661 596 724 hostium
616 603 735 727 iicarut.
751 665 853 744 ltaque
874 665 943 738 cium

157 761 228 822 spes
251 741 332 800 nulla
354 754 433 804 esset
450 742 562 804 dissita
589 745 723 806 obsessos
746 746 879 826 inopiam
901 746 944 806 la·

158 832 261 895 turos3
283 825 380 888 coacti
391 823 550 897 Samnites,
568 825 619 902 qui
631 825 669 885 ad
681 824 837 886 Luceriam
847 839 942 887 castra

158 898 326 976 habebant,
340 903 468 985 undique
481 907 640 981 contractis
653 905 764 967 uiribus
777 907 862 986 signa
873 927 943 968 cum

157 978 199 1050 Pa
221 982 435 1046 iaioconferra.

199 1003 297 1128 ilVll.
322 1064 378 1123 Per
393 1065 423 1125 id
438 1075 554 1144 tempus
570 1063 738 1145 parantibus
760 1060 891 1144 utrisque
911 1080 943 1124 se

158 1142 196 1204 ad
220 1140 385 1224 pralium,
425 1140 517 1224 legati
540 1143 695 1213 Tarentini
728 1145 939 1204 interveniunt.

157 1223 364 1284 denuntiantes
384 1224 567 1287 Samnitibus
591 1225 811 1306 Romanisque,
838 1236 871 1285 ut
881 1223 942 1284 bel.

157 1301 220 1369 lum
240 1304 422 1365 omitterent.
441 1308 496 1366 Par
512 1316 589 1366 utros
612 1309 761 1378 stetisset,
795 1307 940 1386 quontiruis

157 1385 348 1449 discederetur
361 1384 397 1445 ab
409 1389 496 1445 armis
507 1407 517 1457 ;
539 1389 667 1447 aduersis
678 1408 727 1446 eos
738 1409 769 1447 se
779 1405 829 1464 pro
840 1384 942 1444 ulteris

156 1477 340 1546 pugnaturos.
351 1458 403 1526 'Et
425 1465 574 1544 legatione
588 1467 725 1547 Papirius
746 1462 865 1536 audita,
887 1483 942 1543 pe·

157 1542 241 1604 finde
265 1565 299 1606 ac
320 1556 416 1607 motus
436 1546 524 1608 dictis
540 1566 665 1621 eorum,
684 1566 751 1606 cum
770 1542 888 1623 collega
909 1561 942 1602 se

156 1626 443 1688 communicaturum
458 1628 606 1706 respoudit
629 1648 635 1685 :
656 1628 808 1705 accitoque
822 1623 942 1683 eoelum

156 1714 275 1784 tempus
293 1725 379 1766 omne
392 1707 576 1787 inapparatu
593 1707 844 1786 consumpsisset,
876 1701 940 1764 col-

157 1782 275 1845 locutus
294 1787 330 1845 ta
350 1807 381 1843 re
400 1787 474 1844 baud
486 1786 597 1859 dubia,
625 1787 740 1862 siguum
753 1804 858 1866 pugnae
869 1801 939 1863 pro·

155 1863 268 1944 posuit.
302 1865 466 1940 egentibus
499 1865 596 1922 diuina
625 1864 844 1945 humanaque,
876 1881 941 1941 quae

155 1941 284 2008 assolent
304 1943 370 2002 ciam
393 1945 457 2004 acie
476 1944 674 2008 dimicandum
699 1955 743 2005 est
769 1988 778 2015 ‚
808 1941 941 2003 consuli-

153 2017 222 2094 bus,
235 2021 389 2101 Tarentini
400 2024 489 2103 legati
501 2043 670 2100 noeumane,
683 2041 855 2104 responsum
869 2041 940 2080 exs-

155 2112 317 2185 pectantes.
331 2104 449 2182 Quibus
466 2104 600 2187 Papirius
616 2107 656 2164 ait
676 2125 681 2162 :
697 2105 828 2184 Auspicia
841 2125 940 2162 secun-

157 2187 195 2242 du
206 2205 286 2257 esse,
321 2184 489 2260 Tarentini,
508 2186 651 2266 pullarius
667 2189 789 2246 nuntiat.
811 2183 940 2243 Litutunt

155 2276 291 2347 pretereo
308 2279 350 2326 est
361 2264 484 2348 egregii.
496 2265 664 2328 Auctoribus
676 2269 752 2339 diis,
775 2277 806 2324 ut
819 2265 919 2326 uidetis
929 2305 943 2334 ,

157 2349 267 2412 adrem
301 2352 430 2406 erendum
446 2351 655 2426 prassiiscimur.
752 2376 755 2381 ·

197 2367 312 2489 XVlfi.
338 2424 427 2501 Signa
447 2425 526 2485 inde
543 2424 614 2482 ferri
635 2423 720 2504 jussit
742 2466 751 2495 ,
786 2430 815 2478 et
836 2421 940 2497 copias

156 2500 259 2562 eduxit
282 2547 291 2576 ‚
326 2500 520 2564 vanissimam*
531 2503 686 2582 increpans
703 2511 821 2580 gentem
841 2544 850 2573 ‚
874 2518 939 2579 quae
991 2517 993 2523 ’

155 2599 274 2646 nuatum
296 2583 445 2666 impotens
464 2602 563 2643 rasum
606 2602 644 2642 τε
669 2580 839 2649 domesticis
861 2580 941 2638 sedi-

155 2664 286 2725 tionibus
308 2664 546 2756 discordiisque,
570 2603 637 2723 siiis
660 2663 780 2723 modum
799 2661 880 2743 pacis
904 2680 938 2721 ac

154 2741 229 2803 belli
252 2745 349 2804 facere
372 2765 487 2824 aequum
517 2754 660 2806 censeret.
693 2743 867 2810 Samnitesr,
901 2760 939 2801 ex

155 2833 240 2902 Parle
260 2823 350 2889 alteri
364 2866 374 2895 ,
401 2825 468 2884 ctlm
481 2845 597 2886 omnem
610 2843 707 2884 cutam
720 2821 792 2880 belli
805 2819 939 2889 remisis-

154 2910 242 2972 sent,
261 2904 330 2980 quia
341 2914 391 2961 aut
411 2923 516 2983 pacem
534 2901 794 2980 veae-cupiebant,
817 2909 868 2956 aut
885 2918 938 2955 ex-

195 2978 298 3043 dietat
319 2980 486 3052 simulare,
513 2994 545 3040 nt
565 2978 740 3042 Tarentinos
762 2976 819 3034 sibi
836 2978 939 3036 conci-

153 3000 262 3134 iiiaent
288 3105 297 3134 ‚
329 3065 397 3122 cum
425 3060 585 3126 instructos
607 3057 729 3135 repente
750 3056 785 3115 ad
809 3074 938 3134 pugnam
986 3089 996 3109 a

155 3143 305 3214 Romanos
317 3142 560 3223 conspexissent,
584 3135 741 3198 vociferari
765 3141 777 3213 (
792 3140 851 3209 12)
866 3156 896 3191 se
908 3137 937 3189 in

194 3249 299 3316 t'alSe
314 3248 344 3301 in
361 3243 528 3301 auctoritate
563 3242 662 3294 toribus
675 3281 683 3307 ‚
710 3255 804 3309 pacem
823 3235 938 3291 suaden-

70 3338 73 3344 ·
161 3317 372 3373 Tarentinorum
391 3313 527 3379 munere)
563 3303 933 3382 tibus,usqueobaaquivelte.

53 3438 56 3443 .
159 3383 194 3443 Se
206 3382 357 3442 't'areutiuls
373 3380 449 3453 pacit
466 3394 529 3436 auc·
