2016 3780
709 40 723 63 N

163 166 207 240 uu
298 196 301 202 ·
386 154 731 227 '1¹1u'1L1v11

120 287 122 292 ·
163 260 350 338 Romamque
374 259 444 320 inde
469 272 619 320 venerunt.
643 261 758 323 Clusini
778 280 855 322 novo
871 261 952 324 hollo

163 343 301 400 exterriti
319 341 408 413 ,cum
427 339 535 400 formas
548 341 699 400 hominum
718 344 872 402 inusitatas
887 363 952 401 cer-

163 433 290 492 nerent,
323 433 352 478 et
369 440 461 498 genus
478 441 644 491 armorum,
670 422 860 499 audirentque
875 425 952 500 sepe

165 501 204 560 ab
223 501 261 560 iis
273 501 317 559 cis
332 501 441 559 Padum
458 500 592 580 uitrique
613 502 746 575 legiones
761 503 953 561 Etruscorum

124 612 129 616 ·
164 580 245 640 fusas
272 624 281 652 ‚
319 580 485 658 quanquim
508 581 645 640 adversius
664 581 813 640 Romanos
837 581 952 640 nulium

167 661 212 718 eis
235 663 279 738 jus
301 661 455 719 societatis
480 662 662 720 amicitiaeve
687 672 772 732 erat,
797 660 851 719 nisi
877 659 959 737 quot,

163 741 310 802 -Veientes
331 741 566 817 consanguineos
580 741 717 800 adversus
733 740 876 818 populum
894 741 957 800 lio·

146 836 288 880 .menum
317 838 382 877 non
397 819 599 880 defendissent
624 864 632 891 ‚
661 819 775 896 legatos
796 820 920 878 Romam
941 861 950 890 ‚

170 899 220 976 qui
238 901 382 958 auxilium
405 900 442 958 ab
461 911 562 959 senatu
585 911 740 980 peterent,
763 899 882 956 misere.
906 898 954 954 De

169 981 287 1039 suxilio
304 979 379 1038 nihil
396 981 583 1060 impetratum
602 1005 612 1052 ;
638 978 726 1055 legati
739 991 799 1037 tres
811 977 851 1036 M.
866 977 956 1036 Fabii

171 1059 307 1118 Ambusti
324 1059 379 1118 filii
395 1061 500 1133 missi,
517 1062 568 1139 qui
583 1062 701 1118 senatus
717 1060 879 1139 populique
894 1057 956 1115 tto-

171 1140 253 1198 mani
268 1141 387 1209 nomine
404 1151 525 1218 agerent
545 1159 611 1200 cum
628 1138 747 1210 Gallis,
773 1138 837 1210 Ne,
859 1139 875 1195 ci
896 1141 955 1217 qui-

172 1218 223 1277 llus
239 1219 346 1279 nuliam
371 1221 501 1286 iniuriam‘
526 1223 720 1301 decepissent,
749 1216 835 1277 socios
855 1217 955 1297 populi

171 1301 398 1380 Rotnani'atque
413 1304 518 1360 amisos
538 1296 737 1380 oppiignarent.
757 1299 889 1357 Romanis
908 1319 955 1356 eos

172 1378 247 1438 bello
266 1401 396 1459 quoque,
420 1382 447 1438 si
466 1403 510 1440 res
529 1393 637 1459 cogat,
662 1383 777 1439 tuendos
793 1399 851 1436 esse
871 1400 882 1450 s'
905 1381 958 1435 sed

125 1520 144 1535 ,ι
171 1459 273 1519 melius
290 1463 375 1518 uisum
393 1457 497 1520 bellum
519 1463 608 1539 ipsum
629 1461 770 1528 amoueri,
799 1458 824 1516 si
834 1469 953 1536 posset;

73 1532 106 1590 3·j
171 1540 201 1598 el
219 1537 344 1615 Gallos,
362 1561 457 1600 nouem
472 1552 608 1622 gentem,
623 1559 693 1621 pace
703 1540 793 1618 potitis
808 1540 955 1616 cognosci,

77 1633 80 1637 “
170 1618 255 1700 quiin
267 1622 363 1681 armis.

213 1696 252 1760 ll.
271 1698 355 1759 Mitis
380 1700 490 1776 legatio
512 1743 520 1771 ‚
563 1698 591 1758 ni
613 1699 788 1778 praeleroees
809 1697 922 1774 legatos
944 1736 955 1766 ‚
995 1726 998 1731 ·

170 1776 325 1856 Gallisque
346 1783 439 1856 magis
456 1776 544 1858 quim
562 1777 701 1839 liomanis
717 1778 831 1838 similes
860 1821 867 1846 ‚
899 1773 953 1833 hs-

170 1855 283 1918 troisset
297 1883 306 1930 ς
334 1858 461 1936 quibus,
487 1868 638 1936 postquam
652 1858 785 1917 mundata
797 1855 954 1917 ediderunt

169 1935 202 1995 in
219 1936 349 1996 concilio
366 1936 543 2007 Gallorum,
572 1936 655 1996 datur
671 1958 844 2019 responsum
861 1957 867 1993 :
890 1936 955 1996 Etsi

171 2038 267 2076 nauum
301 2039 399 2076 nomen
431 2021 550 2078 audiant
586 2018 772 2078 Romanorum
805 2062 814 2091 ‚
859 2023 953 2076 tanien

171 2102 284 2156 credere
310 2099 492 2175 uiros-fortes
511 2120 599 2167 esse,
633 2121 746 2179 quorum
769 2096 911 2163 auxilium
935 2096 954 2154 ci

174 2175 317 2249 Clusinis,
346 2181 374 2236 in
390 2199 420 2236 re
435 2180 544 2257 trepiclci
557 2180 597 2236 sit
613 2180 791 2259 imploratum
805 2200 815 2250 ,¹
838 2192 866 2239 et
887 2199 953 2256 quo·

171 2259 245 2315 niem
278 2257 428 2339 legatione¹
457 2261 585 2319 adversis
619 2280 650 2318 se
676 2260 829 2318 maluerint
866 2257 951 2336 quim

170 2341 256 2395 ermis
280 2341 352 2395 tucri
374 2341 483 2408 socios,
506 2358 588 2397 nese
614 2341 725 2416 quidem
748 2358 845 2412 pacem
866 2357 951 2412 quam

170 2415 217 2473 illi
242 2420 368 2486 afferant
405 2420 579 2493 aspernari,
622 2419 647 2472 'si
676 2413 772 2473 Gallis
804 2414 953 2498 egentibus

170 2516 271 2563 cro,
306 2515 385 2573 quem
423 2494 507 2552 taetus
538 2495 700 2574 possideant
742 2495 824 2575 quim
857 2496 952 2554 colant

172 2516 283 2632 Clusini
303 2586 413 2652 partem
431 2575 536 2647 finium
561 2579 711 2635 concedant
734 2596 758 2648 ,τ
785 2577 872 2635 aliter
896 2598 951 2655 pe-

169 2676 228 2713 cem
252 2654 398 2732 impetrari
416 2676 468 2711 non
487 2675 577 2732 posse.
607 2654 646 2712 Et
672 2677 832 2734 responsum
856 2678 950 2715 corum

169 2735 305 2792 Romanis
336 2754 366 2791 se
397 2737 521 2810 accipere
549 2732 654 2792 uelle:
678 2748 707 2794 et
731 2779 740 2807 ‚
774 2739 799 2793 si
833 2748 954 2811 negetur

169 2832 265 2890 eger,
313 2833 406 2870 coram
442 2815 539 2870 iisdem
554 2815 701 2873 Romanis
740 2817 947 2884 dimicaturos,

169 2904 201 2953 ut
231 2893 362 2957 nuntiare
397 2896 506 2961 domum
535 2907 647 2969 possent
674 2938 686 2966 ‚
709 2895 841 2972 quantum
870 2891 951 2952 Galli

168 2976 271 3032 uirtute
310 2984 423 3030 ceteros
461 2971 597 3030 mortales
635 2984 815 3051 prestarent.
855 2975 954 3052 Quod·

167 3073 232 3110 nem
257 3055 285 3110 id
302 3053 350 3130 jus
377 3063 451 3110 esset
469 3073 481 3124 ;
524 3073 623 3130 agrum
647 3052 662 3108 ὰ
683 3053 886 3131 possessoribus
902 3076 951 3133 pe·

168 3136 251 3204 tere‚'
282 3143 340 3189 'eut
358 3134 554 3191 minariurme
579 3174 587 3202 ,
621 3131 760 3190 Romanis
787 3137 950 3207 quaerenti-

167 3211 251 3284 bus,
283 3223 343 3284 et,
375 3215 442 3291 quid
465 3216 494 3270 in
521 3211 637 3270 Etruria
664 3215 704 3271 rei
726 3211 822 3272 Gallis
843 3219 951 3275 eusetl

158 3291 245 3363 §tm
266 3292 313 3354 illi
335 3314 365 3353 sc
380 3294 531 3370 ioannis,
554 3295 602 3372 p'us
611 3297 718 3372 serre,
742 3307 770 3357 et
783 3297 874 3356 omnia
886 3295 952 3367 sors
