2016 3780
174 162 259 210 110·
415 141 542 212 Trrr
586 142 740 212 Lrvrr
800 146 809 155 ’

168 245 302 304 tranavit.
324 242 550 307 ltddeserturnir
568 245 691 306 ducibus
707 265 833 324 agmen,
849 245 954 326 primb

168 344 221 403 per
235 343 320 402 agros
340 327 482 406 palatur5·
495 328 542 404 (6)
564 327 694 406 fessique
711 329 822 406 aliquot
844 345 955 386 somno

168 424 202 464 ac
215 404 326 483 vigitiis
341 418 471 466 sternunt
484 427 607 487 corpora
625 410 846 486 passim‚atque
862 409 956 467 inire-

169 488 291 562 quentia
318 485 486 566 relinquunt
510 490 602 564 signa.
615 487 781 558 Asdrubal,
805 488 876 546 dum
900 489 956 548 lux

168 567 244 625 riam
255 567 437 640 ostenderet,
448 569 514 646 ripa
524 566 657 628 fluminis
666 571 749 645 signa
764 567 833 626 ferri
846 569 956 648 jubet,

76 668 81 675 ·
106 668 110 675 ’
168 660 198 706 et
214 669 267 728 per
282 651 405 709 tortuosi
422 651 516 708 amnis
540 651 621 708 sinus
640 647 790 727 flexusque
816 669 956 709 errorem

166 734 285 790 volvens
302 730 376 790 baud
393 730 517 790 multllm
540 731 683 810 processit
695 755 704 800 ;
718 729 884 810 ubiprima
901 729 957 790 lux

73 824 76 831 ’
114 884 119 891 ¹
166 814 321 871 transitum
335 825 537 892 ,opportunum
548 811 746 884 ostendisset,
762 813 956 871 transiturus·

167 892 224 952 Sed
249 892 337 962 culm,
364 895 431 970 (7)
458 891 597 970 quantum
632 911 710 949 mare
741 890 957 963 abscedebat,

166 974 249 1034 tanto
261 973 417 1033 altioribus
433 971 635 1031 coercentibus
656 991 770 1031 amnem
783 973 860 1051 ripis
872 1016 882 1044 ‚
894 992 957 1032 nou

166 1054 321 1113 inveniret
338 1052 430 1124 vada,
448 1053 529 1115 diem
550 1051 695 1124 terendo,
715 1053 844 1132 spatium
867 1051 957 1114 dedit

169 1136 204 1194 ad
221 1133 432 1213 insequendum
451 1154 514 1193 sese
528 1134 615 1201 hosti.
764 1126 775 1155 s

207 1216 324 1278 XXlll.
345 1214 402 1276 Ubi
419 1233 519 1274 ornnes
532 1213 634 1294 copias
655 1212 872 1292 conjunxeruni
884 1258 892 1285 ‚
905 1212 956 1272 di·

167 1306 305 1375 rectaque
327 1295 405 1356 acies
427 1306 489 1366 est,
505 1293 645 1356 Claudius
666 1292 770 1354 dextro
785 1292 816 1350 in
836 1313 959 1366 cornu,

168 1375 269 1444 Livius
283 1376 320 1435 ab
332 1376 452 1435 sinistro
460 1394 593 1454 pugnarn
607 1377 727 1439 instruit
740 1393 746 1432 :
760 1373 858 1433 media
874 1374 957 1434 acies

167 1458 286 1536 praetori
305 1455 409 1517 tuenda
435 1455 530 1516 datur.
555 1455 699 1517 Asdrubal
717 1454 825 1517 omissa
853 1455 957 1514 muni.

167 1538 250 1599 tione
273 1552 457 1609 castrorum,
476 1547 629 1616 postquam
650 1535 834 1618 pugnandum
859 1535 956 1611 vidit,

166 1619 198 1678 in
224 1620 320 1700 prisnei
339 1620 402 1680 acie
423 1619 491 1678 ante
514 1619 596 1697 signa
613 1614 783 1697 elephantos
810 1617 956 1681 collocat.

168 1698 255 1761 Circi
278 1721 329 1761 eos
355 1702 428 1761 levo
450 1699 480 1756 in
510 1718 599 1758 cornu
629 1699 764 1760 adversus
793 1699 956 1760 Claudiurn

168 1778 413 1859 Gallosopponit
429 1823 436 1850 ,
453 1777 532 1838 baud
548 1781 661 1840 tannim
680 1782 723 1838 eis
741 1777 849 1851 fidens,
864 1801 957 1860 quan·

168 1860 231 1918 tlrm
256 1860 294 1921 ab
312 1857 395 1917 hoste
420 1859 522 1916 timeri
545 1876 596 1917 eos
621 1860 765 1918 credebat.
792 1860 860 1938 lpse
879 1860 955 1920 dex-

167 1953 246 2003 trum
263 1959 353 2000 cornu
369 1937 506 2000 adserslrs
522 1939 565 2001 M.
580 1937 693 2000 Livium
713 1940 769 1998 sibi
782 1951 870 2016 atque
882 1940 953 2000 His-

192 2022 327 2096 anis'(et
347 2021 391 2080 ibi
414 2023 541 2082 maxime
570 2023 600 2080 in
629 2034 726 2081 vetere
749 2019 842 2078 militi
865 2041 954 2102 spem

167 2042 323 2180 babebat)
340 2104 476 2185 sumpsit.
491 2104 614 2182 Ligures
635 2103 667 2161 in
684 2100 781 2162 medio
799 2113 868 2179 post
890 2102 954 2162 ele-

167 2183 296 2263 phantos
317 2186 417 2263 positi.
441 2185 499 2245 Sed
521 2185 640 2261 longior
657 2184 744 2261 quim
766 2181 854 2240 latior
870 2185 953 2243 acies

167 2275 249 2337 erut,
267 2265 371 2326 Gallos
387 2265 556 2346 prominens
572 2264 657 2324 collis
673 2262 801 2342 tegebat.
814 2264 854 2322 Ea
871 2261 955 2323 frons

166 2363 253 2424 quarn
293 2345 414 2423 Hispani
436 2345 590 2405 tenebant.
609 2365 674 2404 curn
701 2343 822 2403 sinistro
844 2343 955 2405 Rorna-

166 2428 271 2484 norum
296 2442 386 2483 cornu
416 2427 575 2484 concurrit.
606 2425 718 2484 Dextra
753 2420 851 2482 omnis
870 2428 954 2487 acies

166 2505 250 2565 extri
265 2503 399 2583 prelium
417 2504 548 2564 eminens
570 2508 710 2564 cessabat.
738 2502 832 2564 Collis
854 2524 955 2585 oppo-

167 2586 240 2645 situs
260 2585 396 2659 arcebat,
417 2587 453 2643 ud
474 2597 523 2644 aut
545 2584 562 2644 ὲ
584 2585 703 2656 fronte,
727 2595 775 2643 aut
793 2584 828 2642 ab
854 2586 955 2648 latere

165 2663 405 2741 aggrederentur„
437 2665 519 2725 luter
546 2666 665 2726 Livium
696 2661 955 2747 Asdrubalemque

165 2745 269 2819 ingens
299 2753 480 2804 contractum
512 2759 660 2807 certamen
699 2757 782 2817 erat,
804 2754 957 2824 atroxque

165 2820 263 2884 caedes
283 2824 418 2902 utrinque
440 2825 589 2887 edebatur.
615 2829 658 2888 tbi
676 2827 765 2886 duces
779 2821 883 2895 ambo,
906 2831 956 2891 ibi

164 2922 233 2999 pars
253 2905 346 2982 maior
368 2903 497 2987 peditum
516 2910 706 2979 sonitumque
726 2905 958 2970 Romanorum

164 2985 209 3046 rbi
231 2982 357 3068 Hispani
375 3030 383 3057 ‚
398 2997 478 3044 vetus
503 2986 592 3045 miles
614 2978 785 3068 periiusque
807 2981 961 3052 Rornanae·

197 3102 215 3153 6
232 3103 241 3166 (
259 3102 385 3154 Fessa...
395 3120 488 3154 somno
506 3092 540 3154 ac
573 3088 702 3166 cedebat)
712 3101 820 3153 Dictum
833 3094 952 3171 accipe,'

165 3169 194 3223 vi
196 3167 294 3241 giliis)
307 3171 377 3222 Fessi
392 3169 487 3238 vigiliis
499 3185 530 3220 ac
564 3168 784 3237 quemadmodtim
805 3169 871 3219 illud
884 3172 953 3225 Vir.

165 3243 301 3306 'propterea
322 3255 416 3290 somno
437 3253 536 3305 graves.
570 3236 625 3318 gilii
640 3274 645 3296 ‚
659 3234 957 3315 terminandasque

198 3306 235 3371 7(
247 3303 465 3389 Quwrlarurere
476 3302 539 3391 erlar-¹
568 3303 716 3389 recedunt,
