2016 3780
176 187 468 259 Nsunnsto
514 190 678 263 xxvi.
769 197 841 279 ‘¹37

58 288 213 360 militum,
234 292 382 372 conspicit
406 315 496 354 unum
512 296 623 357 editum
646 298 678 354 in
697 293 769 353 saltu
786 296 844 354 coi·

58 369 138 442 lem,
160 371 363 431 imminentem
390 372 519 435 hostium
543 375 673 446 castris,
699 372 781 433 abitu
798 393 844 432 er·

60 450 152 587 dolum
178 449 322 530 impedito
341 455 477 533 agmini,
497 456 643 538 expeditis
667 452 744 514 haud
765 449 843 511 diffi-

61 548 90 590 cl
105 548 161 587 etti.

104 607 143 668 11.
157 602 256 688 Itaque
277 608 390 670 consuli
411 612 515 672 territo
532 612 623 672 enimi
648 608 772 673 Videsne
786 626 816 674 tu
833 657 842 686 ‚

60 688 160 769 inquit
176 730 185 761 ,
199 689 234 750 Α.
263 689 397 766 Corneli,
415 714 545 752 cacumen
571 693 644 753 iliud
670 714 753 773 supro
778 695 843 755 isos-

61 780 118 828 tem
130 773 140 830 i
153 769 219 828 Arx
231 770 285 831 itta
299 785 343 830 est
355 776 414 851 spei
424 772 580 853 salutisque
591 785 712 844 nostra,
727 777 751 833 si
763 795 841 847 eom,

55 912 56 916 ἵ
81 872 143 908 uam
164 853 229 909 coci
245 850 299 909 reli
318 851 384 911 nire
400 848 560 923 Samnites,
574 850 694 932 impigri
709 856 841 931 capimus.

60 869 120 989 iter
143 942 173 989 tu
199 928 268 988 miii
287 873 354 1011 pqius
366 934 448 1013 qurim
464 935 546 991 unius
566 931 687 1012 legionis
703 934 751 1008 (2)
764 932 844 993 Prin·

62 1017 136 1094 cipes
153 1013 331 1093 hastatosque
346 1017 476 1074 desieris:
490 1030 551 1070 cum
567 1010 721 1091 quibusubi
732 1034 843 1074 euasero

63 1097 93 1154 in
103 1114 239 1153 summum
252 1135 262 1165 ,
270 1113 358 1171 perge
370 1094 431 1152 hinc
442 1093 518 1152 omni
533 1088 604 1150 iiber
615 1104 690 1152 metu
703 1137 712 1165 ,
723 1105 804 1173 teque
816 1106 845 1153 et
947 1132 952 1143 ·

63 1175 219 1238 exercitum
232 1193 320 1232 servo:
332 1175 503 1255 nequeenim
513 1175 616 1233 moveri
625 1172 726 1243 hostis,
736 1170 844 1254 subjec-

61 1252 218 1329 tusnnbis,
236 1257 274 1313 art
286 1277 382 1315 omnes
396 1257 487 1323 ictus,
501 1256 560 1312 sine
573 1274 622 1311 sua
631 1257 755 1334 pernicie
763 1265 844 1332 pote-

63 1336 111 1393 rit.
133 1333 189 1392 Nos
204 1335 302 1393 deinde
325 1347 377 1392 aut
390 1337 511 1403 fortuna
525 1332 622 1412 populi
637 1335 776 1407 Romani,
793 1346 845 1394 aut

61 1423 160 1473 nostra
174 1414 260 1471 virtus
275 1416 418 1492 expediet.
446 1450 449 1460 ι
891 1430 894 1435 ·

105 1488 159 1551 111.
179 1488 372 1551 collaudatus
391 1491 428 1549 ab
448 1486 568 1549 consule
580 1533 589 1561 ‚
603 1502 728 1570 eccepto
743 1490 845 1584 presi-

63 1570 118 1632 dio
142 1568 220 1630 vadit
241 1565 374 1630 occultus
471 1567 577 1627 saltum
589 1592 600 1639 3
622 1587 676 1628 nec
707 1569 789 1651 puis
810 1568 846 1629 ab

63 1651 151 1712 hoste
167 1661 214 1710 est
232 1653 336 1724 visus,
353 1669 393 1729 qu
413 1670 443 1709 m
466 1647 537 1708 loco
554 1668 643 1728 quesn
663 1649 782 1730 petebat
793 1666 847 1727 ap.

62 1732 285 1812 propinquavit.
323 1729 396 1792 Inde
437 1728 633 1790 admiratione
672 1722 846 1810 parentibus

63 1813 194 1884 cunctis,
219 1811 287 1873 crim
311 1812 443 1879 ‹mirrium
461 1812 494 1870 in
514 1829 546 1871 se
567 1809 703 1870 vertisset
725 1808 846 1882 oculos,

61 1901 94 1950 et
113 1892 241 1972 spatium
266 1888 381 1973 consuli
396 1886 481 1953 dedit
500 1890 538 1951 ad
558 1889 777 1951 subducendum
795 1909 846 1967 eg·

63 1974 187 2030 mettin
208 1970 368 2050 sequiorem
385 1973 484 2033 locum
502 2014 511 2043 ‚
536 1967 651 2106 etipse
673 1971 706 2028 iu
731 1988 847 2029 summo

65 2050 200 2108 constitit
218 2052 341 2113 vortice.
358 2051 503 2110 Samnites
518 2048 586 2107 dum
622 2069 658 2108 uc
669 2046 743 2108 iiiuc
763 2051 848 2126 signa

67 2136 209 2197 vertunt,
229 2131 383 2206 utriusque
404 2127 448 2187 rei
469 2127 574 2186 amissi
599 2128 773 2198 occasione,
795 2146 848 2185 no-

68 2223 126 2282 que
143 2206 258 2284 insequi
285 2206 460 2274 eonsulem‚
482 2205 541 2263 nisi
565 2223 618 2282 per
641 2205 772 2264 eamdem
790 2205 849 2262 val-

65 2282 146 2357 lem,
171 2285 200 2343 in
222 2306 278 2364 qua
298 2285 385 2366 paulo
407 2287 473 2346 ante
502 2279 669 2361 subjectum
688 2305 755 2344 eum
782 2283 850 2345 tetis

65 2367 128 2425 suis
151 2365 329 2439 imbuerant,
346 2376 486 2447 possunt3
512 2378 571 2424 nec
598 2365 714 2444 erigere
744 2383 849 2444 agmen

65 2445 98 2504 in
117 2458 235 2523 ceptum
257 2462 396 2529 superse
423 2445 462 2507 ab
484 2440 583 2504 Decio
606 2446 766 2507 tumulum.

108 2523 162 2586 lv.
178 2523 236 2585 Sed
248 2544 315 2586 cum
331 2524 419 2586 imin
434 2525 615 2601 homagio,
632 2526 683 2606 qui
701 2526 848 2586 fortunam

65 2603 202 2684 gerendae
234 2606 279 2664 rei
318 2604 514 2688 eripuerant,
540 2612 603 2664 tum
642 2607 848 2688 propinquitas

64 2685 145 2756 loci,
168 2696 255 2765 atque
274 2687 340 2766 ipsa
355 2686 489 2768 paucitas
511 2682 635 2746 incitet:
655 2698 685 2746 et
700 2688 847 2749 nunccin-

65 2764 202 2826 cumsiare
227 2770 487 2847 undiqueeo'iiem
503 2771 621 2847 armatis
645 2769 766 2848 solunt,
781 2770 848 2832 uti

62 2846 186 2906 consule
204 2848 334 2910 Decium
356 2849 573 2924 intercludente
589 2871 669 2913 nnnc
694 2853 769 2912 riam
793 2872 847 2932 pn·

66 2925 213 3002 miscere,
240 2942 275 2990 nt
304 2928 459 3010 degressos
482 2930 515 2991 in
538 2931 641 2994 vallem
669 2933 847 3007 adoriantur.

65 3005 199 3104 insertos
211 3010 283 3090 quid
295 3025 419 3092 agerent
437 3061 446 3091 ,
465 3028 524 3075 nox
537 3012 697 3097 oppressit.
711 3006 849 3082 Decium
906 3032 910 3041 ’

65 3106 192 3168 pnmutn
214 3111 282 3171 spes
302 3096 418 3172 tenuit,
444 3115 512 3158 curn
537 3095 732 3157 subeuntibus
749 3093 779 3165 in
797 3090 849 3149 ad·

98 3240 294 3316 ²(Pr1'ncr'ne's
305 3242 438 3307 hastatos
469 3252 626 3316 efficiebam
652 3244 851 3315 nummulis}-

63 3322 152 3390 que)
176 3324 237 3378 Duo
259 3323 306 3379 ttts
327 3320 438 3401 corpote¹
470 3325 575 3379 mitium
600 3323 670 3376 e'irca
685 3322 762 3387 isso.
831 3338 843 3403 Ἰ
