2016 3780
164 178 232 280 abt
385 191 518 264 Trrr
563 194 720 266 Lrurr

163 296 240 361 viam
252 317 306 380 per
319 292 459 381 paludem
473 297 566 379 petit,
583 298 639 378 qui
662 298 766 359 fluvius
782 298 878 361 Arnus
888 317 947 383 per

163 397 215 440 eos
228 379 293 440 dies
316 377 405 438 solitu
421 379 515 458 magis
530 377 729 440 inundaverat.
747 381 894 459 Hispanos
916 393 948 440 et

162 457 271 532 Afros,
294 456 350 534 (id
372 471 460 519 omne
489 461 622 520 veterani
641 468 705 520 erat
718 459 810 520 robur
830 462 946 522 exerci-

162 538 210 598 nte
224 541 256 614 ),
280 537 416 598 admistis
434 539 571 621 ipsorum
601 539 850 622 impedimentis,
876 559 947 601 nec-

162 618 213 678 ubi
233 619 397 679 consistere
412 618 524 680 coactis
541 622 705 682 necessaria
725 618 759 680 ad
775 639 846 680 usus
862 621 947 680 dees·

162 707 228 763 tent
239 743 254 772 ‚.
263 700 376 779 primos
388 699 432 763 ire
442 699 550 780 jussit3
563 701 648 777 sequi
663 700 766 773 Gallos
778 745 787 774 ,
801 711 836 760 ut
855 700 885 761 id
895 719 948 778 ag-

160 778 251 839 minis
274 776 403 841 medium
427 789 527 852 esset3
544 779 721 840 novissimos
744 782 789 841 ire
806 781 921 862 equites
937 805 948 853 ς

160 857 317 937 Magonem
335 857 407 918 inde
431 877 499 920 cum
515 859 666 943 expeditis
681 859 818 925 Numidis
839 880 950 940 cogere

159 959 282 1019 agmen,
305 939 432 999 maxime
455 937 584 1011 Ganos,
601 942 626 1000 si
638 939 731 1001 tedio
744 941 855 1004 laboris
881 944 949 1001 lon-

161 1036 263 1102 gaeque
288 1022 342 1082 viae
358 1021 416 1093 (ut
428 1029 476 1080 ‘est
496 1018 598 1086 mollis
613 1019 648 1080 ad
664 1022 737 1081 talia
752 1042 771 1100 g
791 1025 854 1100 na)
871 1021 948 1082 dila·

160 1101 300 1162 berentur
322 1099 578 1160 aut'subsisterent
591 1144 600 1173 ,
614 1042 812 1161 cobibenteii.

201 1182 257 1247 XI.
283 1179 407 1253 Primi,
425 1180 484 1260 qua
498 1179 589 1241 modi)
625 1182 747 1241 raeirent
761 1183 871 1254 duces,
890 1198 948 1261 per

31 1252 155 1360 wffijr·
165 1264 300 1351 praealtas
325 1259 409 1320 fluvii
437 1279 471 1322 ac
491 1199 649 1343 ptoiuntias
667 1263 824 1344 yoragines
849 1261 949 1322 hausti

30 1378 150 1433 ΨΜ
163 1344 241 1425 pene
262 1341 336 1401 iimo
362 1342 632 1420 immergentesque
652 1355 710 1414 se,
735 1354 833 1402 tamen
863 1341 952 1419 signe

30 1432 80 1485 aas.
164 1423 368 1503 sequebantur.
388 1419 472 1484 Gaui
494 1440 591 1502 neque
611 1421 757 1484 sustinere
785 1440 817 1482 se
828 1449 842 1494 ·,
851 1440 952 1502 neque

162 1504 296 1663 prolapsi
317 1520 471 1580 assurgere
501 1519 539 1561 ex
573 1498 762 1576 uoraginibus
785 1511 951 1723 pqqermtg

179 1585 211 1659 4)
232 1578 282 1645 aut
305 1600 430 1676 corpure
446 1578 574 1653 animis„
587 1590 639 1644 eut
659 1581 772 1642 animus
856 1581 950 1643 susti-

161 1662 290 1724 nebant:
318 1663 371 1723 alit
395 1659 472 1725 iussa
497 1658 575 1739 agre
608 1657 761 1721 trabentes
813 1661 950 1735 ‚embreg

160 1745 232 1815 alii,
259 1743 310 1802 ubi
320 1741 419 1807 'semel‘
436 1741 524 1801 victis
535 1738 624 1801 tedio
638 1741 745 1809 animis
766 1742 950 1822 procubuis-

159 1833 249 1901 sent,
271 1825 349 1895 inter·¹
367 1823 496 1900 jumenta
519 1830 549 1880 et
564 1819 628 1900 ipss
645 1820 785 1897 'jacentia
810 1823 946 1903 passim,

158 1894 332 1962 morientes.
359 1895 552 1978 Maximeque
578 1901 712 1962 omnium
741 1900 948 1987 uigiiiaecon-

156 1979 299 2043 ficiebam
318 2027 327 2057 ,
352 1999 406 2062 per
431 1980 617 2062 quatriduum
639 1982 697 2062 iam
716 1991 747 2041 et
762 1992 825 2045 tres
843 1993 951 2044 noctes

157 2062 297 2134 tolerate.
328 2061 437 2135 cum,
471 2062 572 2125 omnia
599 2060 801 2128 obtinentibus
833 2065 946 2142 aquic,

156 2142 257 2214 nihil,
281 2141 331 2202 ubi
349 2141 378 2201 in
408 2143 491 2204 sicce
513 2141 595 2201 fessa.
609 2152 773 2204 sternerent
792 2161 945 2222 corpora,

155 2224 286 2283 inveniri
312 2232 430 2302 posset,
456 2220 615 2283 cumulatis
642 2223 675 2283 in
703 2241 790 2304 aquas
819 2225 952 2285 sarcinis

155 2303 278 2379 insuper
294 2301 513 2377 incumbebant}
528 2303 736 2366 ,iumentorum
759 2302 869 2364 itinere
880 2315 950 2364 totu

154 2391 370 2462 prostratorum
406 2381 516 2460 passim
544 2384 676 2454 acervi,
705 2383 840 2455 tactim,
864 2385 945 2465 quod

154 2470 283 2520 exstaret
296 2456 393 2537 aqua,
414 2459 618 2537 quaerentibua
644 2460 678 2520 ad
694 2465 843 2539 quietem,
860 2467 946 2545 parui
999 2491 1005 2500 ·

154 2541 299 2619 temporis
321 2540 518 2598 necessarium
543 2539 643 2616 cubile
659 2540 775 2603 dabant.
800 2542 868 2624 Ipse
882 2548 944 2605 An·

152 2621 257 2693 nibai,
277 2619 460 2698 ageroculis
477 2639 514 2678 ex
536 2640 626 2682 verna
642 2622 774 2706 primum
789 2622 945 2704 intempe-

151 2703 202 2774 rie¹
223 2701 355 2759 uariante
371 2701 485 2761 calores
500 2701 691 2782 frigoraque,
711 2702 870 2783 elephanto
886 2706 942 2784 qui

151 2797 227 2839 unus
246 2781 451 2861 superfuerat,
476 2800 535 2859 quo
548 2783 635 2844 altius
649 2785 685 2844 ab
704 2803 777 2862 aqua
788 2795 940 2858 exstaret,

155 2871 277 2931 vectus,
303 2859 415 2940 vigiliis
451 2861 565 2922 tandem
590 2875 620 2923 et
644 2869 789 2924 nocturno
811 2860 941 2924 vhumore

149 2939 341 3021 palustrique
356 2941 433 3002 coelo
455 2954 593 3021 gravante
619 2953 708 3026 caput
727 2952 758 3002 et
781 2940 851 3020 quia
877 2964 939 3003 me·

179 3045 196 3109 4
217 3044 227 3110 (
251 3042 308 3096 Aut
328 3064 443 3114 corpora
463 3046 525 3101 arti·
563 3049 651 3100 nenda
677 3059 739 3099 eunt
763 3044 821 3098 hoec
838 3045 932 3108 verba,

145 3111 226 3177 rna's)
251 3111 310 3163 Huc
320 3130 442 3167 revocare
457 3132 524 3180 opus
558 3117 634 3186 quasi
670 3113 795 3182 legeretur
817 3131 824 3160 a
846 3126 934 3178 neque

145 3178 352 3244 estparticularn
362 3194 501 3247 negantem
514 3219 522 3245 ,
557 3199 666 3250 corpora
692 3179 811 3240 animis,
845 3191 932 3243 neque

62 3276 67 3283 -
148 3259 206 3310 quae
219 3248 247 3296 in
260 3247 469 3310 praecedentibus
478 3267 526 3300 ex·
557 3251 660 3304 mtmos
688 3262 735 3312 spa
757 3240 932 3297 sustinebant.

45 3272 78 3487 ι
152 3312 525 3384 paimitur.1aequssicerpu-
