2016 3780
164 230 228 300 156
388 226 515 296 Tm
561 224 709 296 L1v11

96 358 99 364 ¹
160 345 246 405 erat,
271 331 385 391 Patrem
413 352 525 402 meum,
549 329 668 409 inquit,
698 330 846 404 eonsules,
869 328 945 414 supb

160 415 254 475 audivi
274 423 495 481 memorantem,
520 431 550 470 se
569 415 596 469 in
614 409 754 490 Capitolio
780 432 864 471 unum
889 430 943 473 non

155 498 249 567 fuisse
265 503 405 551 auctorem
426 495 536 551 senatui
556 494 721 551 redimenda
735 514 803 550 auro
815 491 834 549 d
845 489 943 553 Gallis

161 575 302 644 ciuitatis,
324 572 432 653 quandb
451 593 500 630 nea
513 572 592 640 fossd
616 569 745 651 ualloque
765 571 800 630 ab
816 574 963 650 ignauis.

160 658 231 715 simo
246 656 284 712 ad
299 673 381 733 opera
394 673 427 711 ac
446 653 621 709 muniendum
635 651 713 711 hoste
725 651 815 711 clausi
826 666 941 726 essent,

160 746 191 793 et
209 753 351 812 erumpere
369 733 394 790 si
415 755 468 791 non
486 728 546 790 εἰπὲ
562 730 685 810 periculo
701 753 821 811 magna,
848 745 942 794 tomen
966 787 980 802 ,

159 810 220 874 εἰπὲ
232 814 307 872 certd
321 814 462 893 pernicie,
477 823 600 891 possent.
621 811 700 890 Qubd
712 818 757 885 si,
773 824 804 871 ut
816 812 878 873 illis
892 819 945 874 de·

157 914 269 954 currere
289 914 329 953 ex
353 890 493 972 Capitolio
516 895 635 951 armatis
656 895 684 950 in
707 893 813 953 bostem
838 892 943 966 licuit,

157 977 237 1054 (quo
249 971 326 1053 sapt
341 976 422 1033 modo
438 971 540 1033 obsessi
556 975 584 1030 in
599 971 755 1033 obsidentes
770 976 941 1051 eruperunt)

160 1055 202 1114 tut
216 1052 294 1113 nobis
306 1075 384 1134 aquo
396 1065 447 1112 out
461 1056 554 1133 iniquo
575 1051 633 1113 loco
648 1054 801 1131 dimicandi
815 1067 943 1113 tuntum-

159 1135 241 1195 tnodb
267 1155 329 1194 cum
350 1134 428 1193 hoste
449 1138 527 1214 copia
545 1145 641 1204 esset,
664 1134 716 1191 rion
739 1134 809 1193 mihi
828 1135 943 1214 paterni

159 1216 247 1275 animi
269 1213 377 1274 indoles
397 1216 423 1272 in
443 1213 557 1272 consilio
575 1217 666 1272 dando
681 1216 799 1273 deesset.

200 1293 269 1357 XV.
294 1295 432 1374 Equidem
453 1305 569 1353 mortem
591 1314 642 1372 pro
660 1298 768 1371 patria·
775 1293 943 1372 praclarum

159 1395 220 1434 esse
227 1379 325 1445 fateor
336 1395 346 1431 .·
357 1385 386 1432 et
395 1394 438 1433 me
447 1373 490 1434 uel
500 1378 629 1433 deuouere
642 1386 691 1452 p'ro
699 1374 803 1454 populo
814 1375 943 1433 Romano

161 1452 389 1539 legionibusque,
413 1453 458 1514 uel
469 1457 497 1512 in
509 1457 614 1514 medios
627 1458 672 1512 ine
684 1456 836 1514 immittere
848 1454 944 1525 hostes

157 1547 277 1616 paratus
290 1556 363 1595 sum.
390 1531 447 1594 Sed
461 1535 505 1594 tte
518 1537 642 1615 patriam
654 1538 753 1608 vitem
775 1534 840 1607 bic,
859 1537 943 1615 quid-

158 1618 227 1697 quid
244 1617 432 1675 Romanarum
450 1613 590 1697 legionum
613 1625 657 1673 est
681 1637 693 1672 .·
713 1636 793 1696 qua,
813 1617 868 1674 nisi
888 1635 943 1694 pro

159 1708 190 1755 se
209 1697 278 1776 ipsis
295 1700 334 1755 ad
351 1705 468 1754 mortem
492 1694 699 1766 ruere'uolunt,
724 1697 791 1775 quid
811 1694 941 1767 babent,

158 1781 233 1855 quod
251 1787 341 1834 morte
362 1775 411 1832 sud
434 1778 565 1834 seruent?
593 1773 679 1833 Tecta
691 1773 773 1852 'urbis
793 1778 870 1835 dicut
884 1774 942 1834 ali·

133 1905 136 1911 ,
177 1857 239 1926 uis,
258 1867 287 1914 et
302 1856 424 1922 mania,
443 1865 473 1910 et
487 1874 548 1911 eam
564 1851 673 1912 turbam
686 1850 703 1910 d
718 1855 773 1933 qud
786 1853 851 1914 urbs
862 1858 941 1914 inco·

156 1876 236 1993 bitur.
255 1931 312 1991 lmb
328 1929 609 2012 bercuibproduntur
627 1954 660 1991 eu
675 1936 768 1992 omnia
781 1935 874 1996 deleto
888 1936 943 1994 liae

156 2017 303 2086 exercitu,
326 2034 379 2070 non
397 2024 551 2073 seruantur.
575 2013 644 2091 Quis
659 2015 730 2072 enim
744 2036 778 2073 ea
794 2015 915 2076 tuebitur
929 2019 941 2077 l

154 2092 284 2155 imbellis
304 2091 434 2154 videlicit
451 2105 484 2152 at
503 2116 536 2153 ue
555 2096 668 2154 inermis
681 2094 841 2156 multitudo.
869 2095 939 2156 Tum

155 2174 283 2248 beraule,
301 2174 384 2258 qudm
396 2173 412 2233 d
425 2116 575 2234 Galborum
587 2179 692 2256 impetu
704 2177 839 2250 defendit.
859 2178 908 2235 An
920 2177 941 2236 d

158 2257 237 2318 Veiis
254 2260 429 2328 exercitum,
454 2253 664 2336 Camillumque
684 2260 781 2316 ducem
803 2254 940 2336 implora·

155 2336 248 2398 buntl
268 2337 324 2396 Hic
345 2357 439 2395 omnes
460 2358 524 2415 spes
544 2359 662 2418 opesque
677 2348 745 2396 sunt
754 2359 767 2409 ,⁶
791 2358 860 2417 quus
876 2358 940 2398 ser·

153 2421 263 2487 eundo,
285 2420 409 2496 patrium
431 2435 573 2474 servamus
582 2436 596 2488 ,⁰
618 2420 741 2476 dedendo
761 2419 799 2475 ad
817 2435 939 2494 necem,

151 2500 276 2582 putrium
297 2496 450 2554 deserimus
465 2514 499 2554 ac
512 2490 665 2575 prodimus.

195 2576 278 2640 XVI.
298 2577 338 2635 As
348 2578 429 2645 feda
449 2587 534 2657 utque
555 2576 739 2654 ignominiosa
754 2577 859 2638 deditio
880 2591 936 2638 est.

113 2652 117 2659 ¹
154 2657 212 2719 Sed
225 2680 257 2718 eo
270 2660 374 2718 caritas
382 2659 484 2737 patrio
495 2667 558 2730 est,
581 2669 613 2716 ut
633 2655 690 2717 tb'm
706 2659 859 2738 ignominid
871 2668 935 2718 'eam

152 2738 238 2818 quim
247 2749 338 2797 morte
348 2735 456 2807 nostrii,
474 2742 498 2797 si
508 2738 646 2817 o'pussit,
664 2758 811 2797 servemus.
831 2736 938 2798 Subeo·

151 2829 200 2876 tur
217 2816 287 2896 ergo
311 2818 366 2873 ista
393 2829 616 2897 quantacumque
635 2830 680 2877 est
701 2818 856 2894 indignitas
875 2841 885 2875 κ
903 2830 958 2878 et·

145 2908 283 2977 pareatur
297 2897 478 2968 necessitati,
502 2918 585 2975 quam
607 2917 644 2954 ne
656 2899 827 2974 diiquidem
847 2917 937 2975 supe-

150 2988 223 3035 rant.
250 2973 313 3045 lte,
343 2972 489 3044 eonsules,
514 2977 642 3033 redimite
663 2977 751 3031 armis
773 2976 935 3050 civitatem,

148 3076 233 3138 quam
248 3076 316 3113 auro
328 3053 447 3130 majores
462 3053 547 3110 uestri
562 3056 748 3110 redemerunt.

159 3182 162 3188 .
189 3132 292 3200 xvtt.
329 3131 476 3193 Consules
508 3127 638 3210 profecti
669 3129 704 3188 ad
732 3128 871 3189 Pontium
898 3131 930 3191 in

148 3215 352 3296 colloquium,
378 3210 447 3271 clim
465 3209 501 3271 de
524 3208 635 3273 loedere
662 3210 759 3270 victor
780 3209 929 3288 agitaret,

149 3305 292 3378 negarunt
306 3294 420 3373 iniussu
435 3292 539 3372 populi
552 3289 648 3351 ioedus
664 3287 729 3350 fieri
742 3309 851 3370 posse,
873 3310 929 3354 uec

148 3381 212 3443 eine
226 3372 385 3442 socialibus
395 3372 622 3456 cerimonitquu
641 3369 702 3437 elib
712 3371 849 3446 solemni.
870 3372 932 3451 tus,
