<?xml version="1.0" encoding="UTF-8"?>
<!DOCTYPE html PUBLIC "-//W3C//DTD XHTML 1.0 Transitional//EN"
    "http://www.w3.org/TR/xhtml1/DTD/xhtml1-transitional.dtd">
<html xmlns="http://www.w3.org/1999/xhtml" xml:lang="en" lang="en">
 <head>
  <title>
</title>
<meta http-equiv="Content-Type" content="text/html;charset=utf-8" />
  <meta name='ocr-system' content='tesseract 3.04.00' />
  <meta name='ocr-capabilities' content='ocr_page ocr_carea ocr_par ocr_line ocrx_word'/>
</head>
<body>
  <div class='ocr_page' id='page_1' title='image "./selectaetitoliv00livygoog_0202.png"; bbox 0 0 2016 3780; ppageno 0'>
   <div class='ocr_carea' id='block_1_1' title="bbox 185 153 853 232">
    <p class='ocr_par' dir='ltr' id='par_1_1' title="bbox 185 153 853 232">
     <span class='ocr_line' id='line_1_1' title="bbox 185 153 853 232; baseline 0.001 -2"><span class='ocrx_word' id='word_1_1' title='bbox 185 156 462 230; x_wconf 68' lang='lat' dir='ltr'><strong><em>Nunnnss&#39;o</em></strong></span> <span class='ocrx_word' id='word_1_2' title='bbox 500 153 726 228; x_wconf 84' lang='lat' dir='ltr'>XXXIV.</span> <span class='ocrx_word' id='word_1_3' title='bbox 782 162 853 232; x_wconf 79' lang='lat'><strong>‘205</strong></span> 
     </span>
    </p>
   </div>
   <div class='ocr_carea' id='block_1_2' title="bbox 13 252 974 3372">
    <p class='ocr_par' dir='ltr' id='par_1_2' title="bbox 69 252 854 584">
     <span class='ocr_line' id='line_1_2' title="bbox 71 252 851 344; baseline -0.006 -16"><span class='ocrx_word' id='word_1_4' title='bbox 71 269 261 328; x_wconf 87' lang='lat' dir='ltr'><strong><em>Romanorum</em></strong></span> <span class='ocrx_word' id='word_1_5' title='bbox 291 309 300 337; x_wconf 93' lang='lat'><strong><em>,</em></strong></span> <span class='ocrx_word' id='word_1_6' title='bbox 337 264 564 344; x_wconf 77' lang='lat' dir='ltr'><em>liberandumque</em></span> <span class='ocrx_word' id='word_1_7' title='bbox 588 252 680 322; x_wconf 79' lang='lat' dir='ltr'><strong><em>orbeln</em></strong></span> <span class='ocrx_word' id='word_1_8' title='bbox 699 256 851 325; x_wconf 77' lang='lat' dir='ltr'><strong><em>terrarum.</em></strong></span> 
     </span>
     <span class='ocr_line' id='line_1_3' title="bbox 76 345 853 422; baseline -0.006 -15"><span class='ocrx_word' id='word_1_9' title='bbox 76 347 146 408; x_wconf 87' lang='lat' dir='ltr'><strong><em>Tum</em></strong></span> <span class='ocrx_word' id='word_1_10' title='bbox 170 349 274 406; x_wconf 89' lang='lat' dir='ltr'><strong><em>nemini</em></strong></span> <span class='ocrx_word' id='word_1_11' title='bbox 289 349 373 404; x_wconf 82' lang='lat' dir='ltr'><strong><em>risum</em></strong></span> <span class='ocrx_word' id='word_1_12' title='bbox 397 351 427 406; x_wconf 90' lang='lat' dir='ltr'><strong><em>id</em></strong></span> <span class='ocrx_word' id='word_1_13' title='bbox 450 345 588 422; x_wconf 89' lang='lat' dir='ltr'><strong><em>longum,</em></strong></span> <span class='ocrx_word' id='word_1_14' title='bbox 614 346 671 402; x_wconf 82' lang='lat' dir='ltr'><strong><em>clnn</em></strong></span> <span class='ocrx_word' id='word_1_15' title='bbox 695 350 731 403; x_wconf 90' lang='lat' dir='ltr'><strong><em>ab</em></strong></span> <span class='ocrx_word' id='word_1_16' title='bbox 755 365 853 404; x_wconf 78' lang='lat' dir='ltr'><strong><em>occasu</em></strong></span> 
     </span>
     <span class='ocr_line' id='line_1_4' title="bbox 71 424 853 505; baseline -0.005 -19"><span class='ocrx_word' id='word_1_17' title='bbox 71 426 145 498; x_wconf 18' lang='lat' dir='ltr'><strong><em>solis,</em></strong></span> <span class='ocrx_word' id='word_1_18' title='bbox 163 431 201 486; x_wconf 90' lang='lat' dir='ltr'><strong><em>ad</em></strong></span> <span class='ocrx_word' id='word_1_19' title='bbox 217 439 307 485; x_wconf 78' lang='lat' dir='ltr'><strong><em>ortum</em></strong></span> <span class='ocrx_word' id='word_1_20' title='bbox 335 429 492 485; x_wconf 69' lang='lat' dir='ltr'><strong><em>intenderet</em></strong></span> <span class='ocrx_word' id='word_1_21' title='bbox 511 427 575 483; x_wconf 87' lang='lat' dir='ltr'><strong><em>iter.</em></strong></span> <span class='ocrx_word' id='word_1_22' title='bbox 601 424 681 483; x_wconf 85' lang='lat' dir='ltr'><strong><em>Nunc</em></strong></span> <span class='ocrx_word' id='word_1_23' title='bbox 702 439 853 505; x_wconf 82' lang='lat' dir='ltr'><strong><em>postquam</em></strong></span> 
     </span>
     <span class='ocr_line' id='line_1_5' title="bbox 69 507 854 584; baseline -0.005 -16"><span class='ocrx_word' id='word_1_24' title='bbox 69 507 160 568; x_wconf 82' lang='lat' dir='ltr'><strong><em>multb</em></strong></span> <span class='ocrx_word' id='word_1_25' title='bbox 175 510 307 584; x_wconf 75' lang='lat' dir='ltr'><strong><em>majorem</em></strong></span> <span class='ocrx_word' id='word_1_26' title='bbox 318 519 430 583; x_wconf 83' lang='lat' dir='ltr'><strong><em>partem</em></strong></span> <span class='ocrx_word' id='word_1_27' title='bbox 440 508 550 564; x_wconf 88' lang='lat' dir='ltr'><strong><em>itineris</em></strong></span> <span class='ocrx_word' id='word_1_28' title='bbox 559 527 698 564; x_wconf 76' lang='lat' dir='ltr'><strong><em>emensam</em></strong></span> <span class='ocrx_word' id='word_1_29' title='bbox 713 517 854 576; x_wconf 69' lang='lat' dir='ltr'><strong><em>cernant3</em></strong></span> 
     </span>
    </p>

    <p class='ocr_par' dir='ltr' id='par_1_3' title="bbox 13 587 854 1067">
     <span class='ocr_line' id='line_1_6' title="bbox 13 587 854 666; baseline -0.002 -19"><span class='ocrx_word' id='word_1_30' title='bbox 13 604 17 611; x_wconf 89' lang='grc'><strong>’</strong></span> <span class='ocrx_word' id='word_1_31' title='bbox 69 587 235 660; x_wconf 82' lang='lat' dir='ltr'><strong><em>Pyrenaeum</em></strong></span> <span class='ocrx_word' id='word_1_32' title='bbox 248 587 350 647; x_wconf 90' lang='lat' dir='ltr'><strong><em>saltum</em></strong></span> <span class='ocrx_word' id='word_1_33' title='bbox 368 588 444 645; x_wconf 82' lang='lat' dir='ltr'><strong><em>inter</em></strong></span> <span class='ocrx_word' id='word_1_34' title='bbox 452 588 645 658; x_wconf 81' lang='lat' dir='ltr'><strong><em>ferocissimas</em></strong></span> <span class='ocrx_word' id='word_1_35' title='bbox 660 600 854 666; x_wconf 85' lang='lat' dir='ltr'><strong><em>gentessupe·</em></strong></span> 
     </span>
     <span class='ocr_line' id='line_1_7' title="bbox 69 666 853 740; baseline 0.001 -14"><span class='ocrx_word' id='word_1_36' title='bbox 69 679 183 737; x_wconf 81' lang='lat' dir='ltr'><strong><em>ratum;</em></strong></span> <span class='ocrx_word' id='word_1_37' title='bbox 200 666 381 740; x_wconf 82' lang='lat' dir='ltr'><strong><em>lllrodanum,</em></strong></span> <span class='ocrx_word' id='word_1_38' title='bbox 396 679 506 726; x_wconf 86' lang='lat' dir='ltr'><strong><em>tantum</em></strong></span> <span class='ocrx_word' id='word_1_39' title='bbox 517 686 626 724; x_wconf 87' lang='lat' dir='ltr'><strong><em>amnem</em></strong></span> <span class='ocrx_word' id='word_1_40' title='bbox 640 707 650 737; x_wconf 86' lang='lat'><strong><em>,</em></strong></span> <span class='ocrx_word' id='word_1_41' title='bbox 666 677 709 724; x_wconf 87' lang='lat' dir='ltr'><strong><em>tot</em></strong></span> <span class='ocrx_word' id='word_1_42' title='bbox 724 666 853 727; x_wconf 88' lang='lat' dir='ltr'><strong><em>millibus</em></strong></span> 
     </span>
     <span class='ocr_line' id='line_1_8' title="bbox 71 743 853 828; baseline 0.003 -23"><span class='ocrx_word' id='word_1_43' title='bbox 71 743 219 806; x_wconf 84' lang='lat' dir='ltr'><strong><em>Gallorum</em></strong></span> <span class='ocrx_word' id='word_1_44' title='bbox 243 747 451 828; x_wconf 73' lang='lat' dir='ltr'><strong><em>prohibentibus</em></strong></span> <span class='ocrx_word' id='word_1_45' title='bbox 479 789 489 819; x_wconf 97' lang='lat'><strong><em>,</em></strong></span> <span class='ocrx_word' id='word_1_46' title='bbox 526 745 632 805; x_wconf 84' lang='lat' dir='ltr'><strong><em>domitd</em></strong></span> <span class='ocrx_word' id='word_1_47' title='bbox 652 749 736 825; x_wconf 86' lang='lat' dir='ltr'><strong><em>etiam</em></strong></span> <span class='ocrx_word' id='word_1_48' title='bbox 764 751 853 828; x_wconf 87' lang='lat' dir='ltr'><strong><em>ipsius</em></strong></span> 
     </span>
     <span class='ocr_line' id='line_1_9' title="bbox 63 825 854 909; baseline 0.003 -24"><span class='ocrx_word' id='word_1_49' title='bbox 63 825 191 903; x_wconf 73' lang='lat' dir='ltr'><strong><em>fluminis</em></strong></span> <span class='ocrx_word' id='word_1_50' title='bbox 206 829 257 900; x_wconf 86' lang='lat' dir='ltr'><strong><em>vi,</em></strong></span> <span class='ocrx_word' id='word_1_51' title='bbox 286 832 432 909; x_wconf 82' lang='lat' dir='ltr'><strong><em>trajectum</em></strong></span> <span class='ocrx_word' id='word_1_52' title='bbox 449 847 462 898; x_wconf 73' lang='lat'><strong><em>,-</em></strong></span> <span class='ocrx_word' id='word_1_53' title='bbox 484 829 513 889; x_wconf 90' lang='lat' dir='ltr'><strong><em>in</em></strong></span> <span class='ocrx_word' id='word_1_54' title='bbox 529 838 675 902; x_wconf 85' lang='lat' dir='ltr'><strong><em>conspectu</em></strong></span> <span class='ocrx_word' id='word_1_55' title='bbox 691 826 779 907; x_wconf 74' lang='lat' dir='ltr'><strong><em>Alpes</em></strong></span> <span class='ocrx_word' id='word_1_56' title='bbox 800 828 854 887; x_wconf 87' lang='lat' dir='ltr'><strong><em>ba·</em></strong></span> 
     </span>
     <span class='ocr_line' id='line_1_10' title="bbox 67 904 853 989; baseline 0.005 -23"><span class='ocrx_word' id='word_1_57' title='bbox 67 904 152 967; x_wconf 88' lang='lat' dir='ltr'><strong><em>beant</em></strong></span> <span class='ocrx_word' id='word_1_58' title='bbox 166 950 175 977; x_wconf 89' lang='lat'>‚</span> <span class='ocrx_word' id='word_1_59' title='bbox 191 928 309 989; x_wconf 80' lang='lat' dir='ltr'><strong><em>quarum</em></strong></span> <span class='ocrx_word' id='word_1_60' title='bbox 322 909 442 968; x_wconf 84' lang='lat' dir='ltr'><strong><em>alterurn</em></strong></span> <span class='ocrx_word' id='word_1_61' title='bbox 458 906 534 964; x_wconf 88' lang='lat' dir='ltr'><strong><em>latus</em></strong></span> <span class='ocrx_word' id='word_1_62' title='bbox 548 904 640 963; x_wconf 81' lang='lat' dir='ltr'><strong><em>ltalia</em></strong></span> <span class='ocrx_word' id='word_1_63' title='bbox 656 909 694 966; x_wconf 90' lang='lat' dir='ltr'><strong><em>sit</em></strong></span> <span class='ocrx_word' id='word_1_64' title='bbox 704 929 717 980; x_wconf 90' lang='lat'><strong><em>,·</em></strong></span> <span class='ocrx_word' id='word_1_65' title='bbox 742 911 770 967; x_wconf 92' lang='lat' dir='ltr'><strong><em>in</em></strong></span> <span class='ocrx_word' id='word_1_66' title='bbox 782 908 853 989; x_wconf 86' lang='lat' dir='ltr'><strong><em>ipsis</em></strong></span> 
     </span>
     <span class='ocr_line' id='line_1_11' title="bbox 64 985 799 1067; baseline -0.004 -22"><span class='ocrx_word' id='word_1_67' title='bbox 64 988 156 1067; x_wconf 88' lang='lat' dir='ltr'><strong><em>portis</em></strong></span> <span class='ocrx_word' id='word_1_68' title='bbox 168 987 288 1048; x_wconf 83' lang='lat' dir='ltr'><strong><em>bostium</em></strong></span> <span class='ocrx_word' id='word_1_69' title='bbox 306 993 450 1067; x_wconf 80' lang='lat' dir='ltr'><strong><em>fatigatos</em></strong></span> <span class='ocrx_word' id='word_1_70' title='bbox 462 985 622 1046; x_wconf 67' lang='lat' dir='ltr'><strong><em>subsistere.</em></strong></span> <span class='ocrx_word' id='word_1_71' title='bbox 796 1036 799 1042; x_wconf 90' lang='lat'>.</span> 
     </span>
    </p>

    <p class='ocr_par' dir='ltr' id='par_1_4' title="bbox 64 1063 853 1543">
     <span class='ocr_line' id='line_1_12' title="bbox 67 1063 851 1149; baseline 0.003 -24"><span class='ocrx_word' id='word_1_72' title='bbox 67 1106 71 1113; x_wconf 90' lang='lat'><em>-</em></span> <span class='ocrx_word' id='word_1_73' title='bbox 109 1063 149 1126; x_wconf 91' lang='grc' dir='ltr'><strong><em>ΙΙ.</em></strong></span> <span class='ocrx_word' id='word_1_74' title='bbox 174 1067 251 1146; x_wconf 80' lang='lat' dir='ltr'><strong><em>Quid</em></strong></span> <span class='ocrx_word' id='word_1_75' title='bbox 270 1069 358 1149; x_wconf 79' lang='lat' dir='ltr'><strong><em>Alpes</em></strong></span> <span class='ocrx_word' id='word_1_76' title='bbox 378 1067 458 1127; x_wconf 86' lang='lat' dir='ltr'><strong><em>aliud</em></strong></span> <span class='ocrx_word' id='word_1_77' title='bbox 482 1087 542 1126; x_wconf 83' lang='lat' dir='ltr'><strong><em>esse</em></strong></span> <span class='ocrx_word' id='word_1_78' title='bbox 572 1068 742 1136; x_wconf 82' lang='lat' dir='ltr'><strong><em>credentes,</em></strong></span> <span class='ocrx_word' id='word_1_79' title='bbox 786 1068 851 1131; x_wconf 78' lang='lat' dir='ltr'><strong><em>udin</em></strong></span> 
     </span>
     <span class='ocr_line' id='line_1_13' title="bbox 65 1144 853 1226; baseline -0.003 -21"><span class='ocrx_word' id='word_1_80' title='bbox 65 1149 202 1211; x_wconf 78' lang='lat' dir='ltr'><strong><em>montium</em></strong></span> <span class='ocrx_word' id='word_1_81' title='bbox 229 1149 419 1210; x_wconf 89' lang='lat' dir='ltr'><strong><em>altitudinesl</em></strong></span> <span class='ocrx_word' id='word_1_82' title='bbox 452 1145 602 1226; x_wconf 68' lang='lat' dir='ltr'><strong><em>lingerent</em></strong></span> <span class='ocrx_word' id='word_1_83' title='bbox 624 1144 742 1205; x_wconf 80' lang='lat' dir='ltr'><strong><em>altiores</em></strong></span> <span class='ocrx_word' id='word_1_84' title='bbox 806 1170 853 1211; x_wconf 70' lang='lat' dir='ltr'><strong><em>ro-</em></strong></span> 
     </span>
     <span class='ocr_line' id='line_1_14' title="bbox 65 1227 853 1308; baseline 0.005 -23"><span class='ocrx_word' id='word_1_85' title='bbox 65 1228 121 1287; x_wconf 81' lang='lat' dir='ltr'><strong><em>nai</em></strong></span> <span class='ocrx_word' id='word_1_86' title='bbox 132 1229 220 1307; x_wconf 76' lang='lat' dir='ltr'><strong><em>jugis.</em></strong></span> <span class='ocrx_word' id='word_1_87' title='bbox 247 1229 349 1289; x_wconf 83' lang='lat' dir='ltr'><strong><em>Nullas</em></strong></span> <span class='ocrx_word' id='word_1_88' title='bbox 373 1228 497 1308; x_wconf 80' lang='lat' dir='ltr'><strong><em>profecti</em></strong></span> <span class='ocrx_word' id='word_1_89' title='bbox 516 1239 607 1286; x_wconf 85' lang='lat' dir='ltr'><strong><em>terras</em></strong></span> <span class='ocrx_word' id='word_1_90' title='bbox 623 1227 721 1284; x_wconf 86' lang='lat' dir='ltr'><strong><em>calum</em></strong></span> <span class='ocrx_word' id='word_1_91' title='bbox 742 1232 853 1300; x_wconf 61' lang='lat' dir='ltr'><strong><em>contine</em></strong></span> 
     </span>
     <span class='ocr_line' id='line_1_15' title="bbox 64 1306 851 1388; baseline 0.008 -23"><span class='ocrx_word' id='word_1_92' title='bbox 64 1326 162 1388; x_wconf 84' lang='lat' dir='ltr'><strong><em>gere‚</em></strong></span> <span class='ocrx_word' id='word_1_93' title='bbox 183 1331 233 1368; x_wconf 89' lang='lat' dir='ltr'><strong><em>nee</em></strong></span> <span class='ocrx_word' id='word_1_94' title='bbox 257 1306 500 1387; x_wconf 78' lang='lat' dir='ltr'><strong><em>inexsuperabiles</em></strong></span> <span class='ocrx_word' id='word_1_95' title='bbox 522 1306 641 1365; x_wconf 86' lang='lat' dir='ltr'><strong><em>bumans</em></strong></span> <span class='ocrx_word' id='word_1_96' title='bbox 667 1311 764 1384; x_wconf 84' lang='lat' dir='ltr'><strong><em>generi</em></strong></span> <span class='ocrx_word' id='word_1_97' title='bbox 780 1331 851 1370; x_wconf 84' lang='lat' dir='ltr'><strong><em>esse.</em></strong></span> 
     </span>
     <span class='ocr_line' id='line_1_16' title="bbox 64 1385 851 1468; baseline 0.004 -22"><span class='ocrx_word' id='word_1_98' title='bbox 64 1385 153 1465; x_wconf 75' lang='lat' dir='ltr'><strong><em>Alpes</em></strong></span> <span class='ocrx_word' id='word_1_99' title='bbox 179 1393 290 1468; x_wconf 80' lang='lat' dir='ltr'><strong><em>quidem</em></strong></span> <span class='ocrx_word' id='word_1_100' title='bbox 313 1387 465 1457; x_wconf 81' lang='lat' dir='ltr'><strong><em>babituri,</em></strong></span> <span class='ocrx_word' id='word_1_101' title='bbox 500 1386 555 1445; x_wconf 93' lang='lat' dir='ltr'><strong><em>coli</em></strong></span> <span class='ocrx_word' id='word_1_102' title='bbox 576 1430 587 1458; x_wconf 95' lang='lat'><strong><em>,</em></strong></span> <span class='ocrx_word' id='word_1_103' title='bbox 618 1389 738 1466; x_wconf 82' lang='lat' dir='ltr'><strong><em>gignere</em></strong></span> <span class='ocrx_word' id='word_1_104' title='bbox 764 1401 795 1447; x_wconf 86' lang='lat' dir='ltr'><strong><em>at</em></strong></span> <span class='ocrx_word' id='word_1_105' title='bbox 816 1411 851 1450; x_wconf 82' lang='lat' dir='ltr'><strong><em>uc</em></strong></span> 
     </span>
     <span class='ocr_line' id='line_1_17' title="bbox 64 1411 851 1543; baseline 0.005 -19"><span class='ocrx_word' id='word_1_106' title='bbox 64 1464 143 1525; x_wconf 87' lang='lat' dir='ltr'><strong><em>alere</em></strong></span> <span class='ocrx_word' id='word_1_107' title='bbox 155 1473 322 1526; x_wconf 79' lang='lat' dir='ltr'><strong><em>anbnantes.</em></strong></span> <span class='ocrx_word' id='word_1_108' title='bbox 340 1468 456 1525; x_wconf 84' lang='lat' dir='ltr'><strong><em>Pervius</em></strong></span> <span class='ocrx_word' id='word_1_109' title='bbox 467 1469 566 1543; x_wconf 81' lang='lat' dir='ltr'><strong><em>paucis</em></strong></span> <span class='ocrx_word' id='word_1_110' title='bbox 580 1486 639 1524; x_wconf 87' lang='lat' dir='ltr'><strong><em>esse</em></strong></span> <span class='ocrx_word' id='word_1_111' title='bbox 655 1411 851 1528; x_wconf 80' lang='lat' dir='ltr'><strong><em>:exercitibus</em></strong></span> 
     </span>
    </p>

    <p class='ocr_par' dir='ltr' id='par_1_5' title="bbox 15 1543 915 2264">
     <span class='ocr_line' id='line_1_18' title="bbox 15 1543 850 1626; baseline 0.005 -22"><span class='ocrx_word' id='word_1_112' title='bbox 15 1613 20 1618; x_wconf 42' lang='grc'><em>,</em></span> <span class='ocrx_word' id='word_1_113' title='bbox 64 1547 178 1606; x_wconf 80' lang='lat' dir='ltr'><strong><em>inviasi</em></strong></span> <span class='ocrx_word' id='word_1_114' title='bbox 209 1547 268 1607; x_wconf 85' lang='lat' dir='ltr'><strong><em>Eos</em></strong></span> <span class='ocrx_word' id='word_1_115' title='bbox 290 1551 365 1626; x_wconf 89' lang='lat' dir='ltr'><strong><em>ipsos</em></strong></span> <span class='ocrx_word' id='word_1_116' title='bbox 389 1565 458 1626; x_wconf 78' lang='lat' dir='ltr'><strong><em>quos</em></strong></span> <span class='ocrx_word' id='word_1_117' title='bbox 484 1557 600 1603; x_wconf 86' lang='lat' dir='ltr'><strong><em>cernant</em></strong></span> <span class='ocrx_word' id='word_1_118' title='bbox 623 1543 758 1621; x_wconf 87' lang='lat' dir='ltr'><strong><em>legatos,</em></strong></span> <span class='ocrx_word' id='word_1_119' title='bbox 796 1570 850 1608; x_wconf 90' lang='lat' dir='ltr'><strong><em>non</em></strong></span> 
     </span>
     <span class='ocr_line' id='line_1_19' title="bbox 62 1623 851 1706; baseline -0.009 -21"><span class='ocrx_word' id='word_1_120' title='bbox 62 1629 162 1706; x_wconf 90' lang='lat' dir='ltr'><strong><em>pennis</em></strong></span> <span class='ocrx_word' id='word_1_121' title='bbox 178 1625 296 1686; x_wconf 70' lang='lat' dir='ltr'><strong><em>sublimi</em></strong></span> <span class='ocrx_word' id='word_1_122' title='bbox 309 1625 400 1685; x_wconf 87' lang='lat' dir='ltr'><strong><em>elatos</em></strong></span> <span class='ocrx_word' id='word_1_123' title='bbox 416 1623 504 1703; x_wconf 82' lang='lat' dir='ltr'><strong><em>Alpes</em></strong></span> <span class='ocrx_word' id='word_1_124' title='bbox 520 1638 721 1706; x_wconf 84' lang='lat' dir='ltr'><strong><em>transgressos.</em></strong></span> <span class='ocrx_word' id='word_1_125' title='bbox 738 1624 781 1684; x_wconf 79' lang='grc' dir='ltr'><strong><em>Νὲ</em></strong></span> <span class='ocrx_word' id='word_1_126' title='bbox 791 1648 851 1686; x_wconf 86' lang='lat' dir='ltr'><strong><em>ma.</em></strong></span> 
     </span>
     <span class='ocr_line' id='line_1_20' title="bbox 59 1703 850 1784; baseline 0.003 -19"><span class='ocrx_word' id='word_1_127' title='bbox 59 1707 136 1784; x_wconf 76' lang='lat' dir='ltr'><strong><em>joses</em></strong></span> <span class='ocrx_word' id='word_1_128' title='bbox 148 1709 257 1784; x_wconf 81' lang='lat' dir='ltr'><strong><em>quidem</em></strong></span> <span class='ocrx_word' id='word_1_129' title='bbox 274 1728 366 1768; x_wconf 85' lang='lat' dir='ltr'><strong><em>eorum</em></strong></span> <span class='ocrx_word' id='word_1_130' title='bbox 384 1708 552 1783; x_wconf 88' lang='lat' dir='ltr'><strong><em>indigenas,</em></strong></span> <span class='ocrx_word' id='word_1_131' title='bbox 567 1709 616 1764; x_wconf 84' lang='lat' dir='ltr'><strong><em>sed</em></strong></span> <span class='ocrx_word' id='word_1_132' title='bbox 624 1708 744 1764; x_wconf 85' lang='lat' dir='ltr'><strong><em>advenas</em></strong></span> <span class='ocrx_word' id='word_1_133' title='bbox 756 1703 850 1768; x_wconf 79' lang='lat' dir='ltr'><strong><em>ltalia</em></strong></span> 
     </span>
     <span class='ocr_line' id='line_1_21' title="bbox 63 1783 849 1866; baseline 0.001 -22"><span class='ocrx_word' id='word_1_134' title='bbox 63 1786 204 1858; x_wconf 89' lang='lat' dir='ltr'><strong><em>cultores,</em></strong></span> <span class='ocrx_word' id='word_1_135' title='bbox 228 1788 280 1847; x_wconf 87' lang='lat' dir='ltr'><strong><em>bas</em></strong></span> <span class='ocrx_word' id='word_1_136' title='bbox 291 1791 367 1866; x_wconf 89' lang='lat' dir='ltr'><strong><em>ipsas</em></strong></span> <span class='ocrx_word' id='word_1_137' title='bbox 384 1785 475 1865; x_wconf 86' lang='lat' dir='ltr'><strong><em>Alpes</em></strong></span> <span class='ocrx_word' id='word_1_138' title='bbox 487 1784 645 1864; x_wconf 83' lang='lat' dir='ltr'><strong><em>ingentibus</em></strong></span> <span class='ocrx_word' id='word_1_139' title='bbox 664 1783 737 1858; x_wconf 73' lang='lat' dir='ltr'><strong><em>sapi</em></strong></span> <span class='ocrx_word' id='word_1_140' title='bbox 752 1791 849 1864; x_wconf 83' lang='lat' dir='ltr'><strong><em>agmi-</em></strong></span> 
     </span>
     <span class='ocr_line' id='line_1_22' title="bbox 62 1865 846 1944; baseline 0.003 -20"><span class='ocrx_word' id='word_1_141' title='bbox 62 1865 165 1939; x_wconf 86' lang='lat' dir='ltr'><strong><em>nibus,</em></strong></span> <span class='ocrx_word' id='word_1_142' title='bbox 188 1889 249 1928; x_wconf 88' lang='lat' dir='ltr'><strong><em>cum</em></strong></span> <span class='ocrx_word' id='word_1_143' title='bbox 272 1866 420 1929; x_wconf 85' lang='lat' dir='ltr'><strong><em>liberisue</em></strong></span> <span class='ocrx_word' id='word_1_144' title='bbox 441 1866 631 1944; x_wconf 81' lang='lat' dir='ltr'><strong><em>conjugibus,</em></strong></span> <span class='ocrx_word' id='word_1_145' title='bbox 660 1869 846 1944; x_wconf 84' lang='lat' dir='ltr'><strong><em>migrantium</em></strong></span> 
     </span>
     <span class='ocr_line' id='line_1_23' title="bbox 62 1947 850 2026; baseline 0 -19"><span class='ocrx_word' id='word_1_146' title='bbox 62 1951 144 2007; x_wconf 85' lang='lat' dir='ltr'><strong><em>modo</em></strong></span> <span class='ocrx_word' id='word_1_147' title='bbox 158 1990 168 2020; x_wconf 90' lang='lat'><strong><em>,</em></strong></span> <span class='ocrx_word' id='word_1_148' title='bbox 189 1951 247 2008; x_wconf 79' lang='lat' dir='ltr'><strong><em>tuti</em></strong></span> <span class='ocrx_word' id='word_1_149' title='bbox 261 1950 458 2009; x_wconf 86' lang='lat' dir='ltr'><strong><em>transmisisse.</em></strong></span> <span class='ocrx_word' id='word_1_150' title='bbox 474 1947 570 2007; x_wconf 89' lang='lat' dir='ltr'><strong><em>Militi</em></strong></span> <span class='ocrx_word' id='word_1_151' title='bbox 582 1948 693 2026; x_wconf 78' lang='lat' dir='ltr'><strong><em>quidem</em></strong></span> <span class='ocrx_word' id='word_1_152' title='bbox 713 1960 850 2021; x_wconf 86' lang='lat' dir='ltr'><strong><em>armato,</em></strong></span> 
     </span>
     <span class='ocr_line' id='line_1_24' title="bbox 63 2024 848 2105; baseline -0.001 -21"><span class='ocrx_word' id='word_1_153' title='bbox 63 2024 135 2084; x_wconf 83' lang='lat' dir='ltr'><strong><em>nibil</em></strong></span> <span class='ocrx_word' id='word_1_154' title='bbox 158 2047 251 2086; x_wconf 85' lang='lat' dir='ltr'><strong><em>secum</em></strong></span> <span class='ocrx_word' id='word_1_155' title='bbox 266 2041 368 2105; x_wconf 87' lang='lat' dir='ltr'><strong><em>prater</em></strong></span> <span class='ocrx_word' id='word_1_156' title='bbox 392 2032 576 2086; x_wconf 85' lang='lat' dir='ltr'><strong><em>instrumenta</em></strong></span> <span class='ocrx_word' id='word_1_157' title='bbox 603 2024 671 2082; x_wconf 89' lang='lat' dir='ltr'><strong><em>belli</em></strong></span> <span class='ocrx_word' id='word_1_158' title='bbox 693 2029 848 2101; x_wconf 82' lang='lat' dir='ltr'><strong><em>portanti,</em></strong></span> 
     </span>
     <span class='ocr_line' id='line_1_25' title="bbox 63 2102 893 2239; baseline 0.005 -79"><span class='ocrx_word' id='word_1_159' title='bbox 63 2107 131 2185; x_wconf 76' lang='lat' dir='ltr'><strong><em>quid</em></strong></span> <span class='ocrx_word' id='word_1_160' title='bbox 146 2104 246 2164; x_wconf 84' lang='lat' dir='ltr'><strong><em>inuium</em></strong></span> <span class='ocrx_word' id='word_1_161' title='bbox 257 2119 307 2164; x_wconf 83' lang='lat' dir='ltr'><strong><em>aut</em></strong></span> <span class='ocrx_word' id='word_1_162' title='bbox 323 2103 549 2183; x_wconf 84' lang='lat' dir='ltr'><strong><em>inexsuperabile</em></strong></span> <span class='ocrx_word' id='word_1_163' title='bbox 566 2124 625 2162; x_wconf 91' lang='lat' dir='ltr'><strong><em>esse</em></strong></span> <span class='ocrx_word' id='word_1_164' title='bbox 641 2107 651 2158; x_wconf 83' lang='lat' dir='ltr'><strong><em>l</em></strong></span> <span class='ocrx_word' id='word_1_165' title='bbox 684 2102 846 2239; x_wconf 69' lang='lat' dir='ltr'><strong><em>Sapuatusn</em></strong></span> <span class='ocrx_word' id='word_1_166' title='bbox 891 2162 893 2167; x_wconf 89' lang='grc'>,</span> 
     </span>
     <span class='ocr_line' id='line_1_26' title="bbox 63 2183 915 2264; baseline 0 -22"><span class='ocrx_word' id='word_1_167' title='bbox 63 2194 96 2242; x_wconf 88' lang='lat' dir='ltr'><strong><em>ut</em></strong></span> <span class='ocrx_word' id='word_1_168' title='bbox 108 2197 275 2261; x_wconf 83' lang='lat' dir='ltr'><strong><em>caperetur,</em></strong></span> <span class='ocrx_word' id='word_1_169' title='bbox 291 2188 359 2264; x_wconf 82' lang='lat' dir='ltr'><strong><em>quid</em></strong></span> <span class='ocrx_word' id='word_1_170' title='bbox 367 2205 418 2262; x_wconf 86' lang='lat' dir='ltr'><strong><em>per</em></strong></span> <span class='ocrx_word' id='word_1_171' title='bbox 432 2195 492 2243; x_wconf 90' lang='lat' dir='ltr'><strong><em>octo</em></strong></span> <span class='ocrx_word' id='word_1_172' title='bbox 504 2202 612 2240; x_wconf 87' lang='lat' dir='ltr'><strong><em>menses</em></strong></span> <span class='ocrx_word' id='word_1_173' title='bbox 621 2183 715 2260; x_wconf 86' lang='lat' dir='ltr'><strong><em>pericu</em></strong></span> <span class='ocrx_word' id='word_1_174' title='bbox 729 2187 739 2240; x_wconf 91' lang='lat' dir='ltr'><strong><em>i</em></strong></span> <span class='ocrx_word' id='word_1_175' title='bbox 751 2225 759 2253; x_wconf 95' lang='lat'><strong><em>,</em></strong></span> <span class='ocrx_word' id='word_1_176' title='bbox 776 2187 847 2262; x_wconf 85' lang='lat' dir='ltr'><strong><em>quid</em></strong></span> <span class='ocrx_word' id='word_1_177' title='bbox 912 2224 915 2228; x_wconf 93' lang='lat'>-</span> 
     </span>
    </p>

    <p class='ocr_par' dir='ltr' id='par_1_6' title="bbox 16 2260 849 2884">
     <span class='ocr_line' id='line_1_27' title="bbox 16 2260 847 2333; baseline -0.004 -11"><span class='ocrx_word' id='word_1_178' title='bbox 16 2290 20 2302; x_wconf 93' lang='lat'><strong>·</strong></span> <span class='ocrx_word' id='word_1_179' title='bbox 62 2261 169 2322; x_wconf 88' lang='lat' dir='ltr'><strong><em>laboris</em></strong></span> <span class='ocrx_word' id='word_1_180' title='bbox 186 2265 356 2324; x_wconf 74' lang='lat' dir='ltr'><strong><em>exhaustum</em></strong></span> <span class='ocrx_word' id='word_1_181' title='bbox 372 2267 455 2324; x_wconf 84' lang='lat' dir='ltr'><strong><em>sssel</em></strong></span> <span class='ocrx_word' id='word_1_182' title='bbox 481 2261 621 2331; x_wconf 79' lang='lat' dir='ltr'><strong><em>Romam,</em></strong></span> <span class='ocrx_word' id='word_1_183' title='bbox 654 2260 847 2333; x_wconf 67' lang='lat' dir='ltr'><strong><em>Orbi-sterca-</em></strong></span> 
     </span>
     <span class='ocr_line' id='line_1_28' title="bbox 62 2342 846 2424; baseline 0.001 -22"><span class='ocrx_word' id='word_1_184' title='bbox 62 2364 122 2402; x_wconf 89' lang='lat' dir='ltr'><strong><em>rum</em></strong></span> <span class='ocrx_word' id='word_1_185' title='bbox 139 2356 223 2422; x_wconf 88' lang='lat' dir='ltr'><strong><em>caput</em></strong></span> <span class='ocrx_word' id='word_1_186' title='bbox 239 2387 248 2415; x_wconf 85' lang='lat'><strong><em>,</em></strong></span> <span class='ocrx_word' id='word_1_187' title='bbox 266 2342 443 2424; x_wconf 85' lang='lat' dir='ltr'><strong><em>petentibus,</em></strong></span> <span class='ocrx_word' id='word_1_188' title='bbox 472 2344 617 2423; x_wconf 80' lang='lat' dir='ltr'><strong><em>quicquam</em></strong></span> <span class='ocrx_word' id='word_1_189' title='bbox 635 2342 846 2422; x_wconf 82' lang='lat' dir='ltr'><strong><em>adebaspernm</em></strong></span> 
     </span>
     <span class='ocr_line' id='line_1_29' title="bbox 60 2426 848 2505; baseline 0.001 -22"><span class='ocrx_word' id='word_1_190' title='bbox 60 2434 146 2505; x_wconf 83' lang='lat' dir='ltr'><strong><em>atquc</em></strong></span> <span class='ocrx_word' id='word_1_191' title='bbox 161 2427 279 2485; x_wconf 86' lang='lat' dir='ltr'><strong><em>arduum</em></strong></span> <span class='ocrx_word' id='word_1_192' title='bbox 303 2426 409 2493; x_wconf 85' lang='lat' dir='ltr'><strong><em>uideri,</em></strong></span> <span class='ocrx_word' id='word_1_193' title='bbox 439 2427 513 2502; x_wconf 88' lang='lat' dir='ltr'><strong><em>quod</em></strong></span> <span class='ocrx_word' id='word_1_194' title='bbox 535 2427 672 2500; x_wconf 87' lang='lat' dir='ltr'><strong><em>inceptum</em></strong></span> <span class='ocrx_word' id='word_1_195' title='bbox 695 2427 848 2485; x_wconf 72' lang='lat' dir='ltr'><strong><em>moretuil</em></strong></span> 
     </span>
     <span class='ocr_line' id='line_1_30' title="bbox 63 2496 848 2583; baseline 0 -22"><span class='ocrx_word' id='word_1_196' title='bbox 63 2499 179 2582; x_wconf 85' lang='lat' dir='ltr'><strong><em>Cepisse</em></strong></span> <span class='ocrx_word' id='word_1_197' title='bbox 201 2496 337 2583; x_wconf 78' lang='lat' dir='ltr'><strong><em>quondam</em></strong></span> <span class='ocrx_word' id='word_1_198' title='bbox 367 2501 469 2562; x_wconf 88' lang='lat' dir='ltr'><strong><em>Gallos</em></strong></span> <span class='ocrx_word' id='word_1_199' title='bbox 492 2524 549 2574; x_wconf 83' lang='lat' dir='ltr'><strong><em>ea,</em></strong></span> <span class='ocrx_word' id='word_1_200' title='bbox 582 2523 642 2581; x_wconf 84' lang='lat' dir='ltr'><strong><em>qua</em></strong></span> <span class='ocrx_word' id='word_1_201' title='bbox 669 2505 742 2560; x_wconf 90' lang='lat' dir='ltr'><strong><em>adiri</em></strong></span> <span class='ocrx_word' id='word_1_202' title='bbox 762 2523 848 2581; x_wconf 76' lang='lat' dir='ltr'><strong><em>posse</em></strong></span> 
     </span>
     <span class='ocr_line' id='line_1_31' title="bbox 60 2580 846 2663; baseline 0 -21"><span class='ocrx_word' id='word_1_203' title='bbox 60 2582 167 2642; x_wconf 74' lang='lat' dir='ltr'><strong><em>Pauus</em></strong></span> <span class='ocrx_word' id='word_1_204' title='bbox 177 2588 314 2663; x_wconf 80' lang='lat' dir='ltr'><strong><em>desperet.</em></strong></span> <span class='ocrx_word' id='word_1_205' title='bbox 328 2580 448 2643; x_wconf 73' lang='lat' dir='ltr'><strong><em>Proindl</em></strong></span> <span class='ocrx_word' id='word_1_206' title='bbox 457 2596 509 2642; x_wconf 87' lang='lat' dir='ltr'><strong><em>out</em></strong></span> <span class='ocrx_word' id='word_1_207' title='bbox 517 2588 644 2641; x_wconf 73' lang='lat' dir='ltr'><strong><em>cederent</em></strong></span> <span class='ocrx_word' id='word_1_208' title='bbox 654 2584 747 2642; x_wconf 83' lang='lat' dir='ltr'><strong><em>animo</em></strong></span> <span class='ocrx_word' id='word_1_209' title='bbox 758 2595 846 2663; x_wconf 77' lang='lat' dir='ltr'><strong><em>atque</em></strong></span> 
     </span>
     <span class='ocr_line' id='line_1_32' title="bbox 60 2661 849 2744; baseline 0.004 -23"><span class='ocrx_word' id='word_1_210' title='bbox 60 2665 163 2723; x_wconf 80' lang='lat' dir='ltr'><strong><em>uirtute</em></strong></span> <span class='ocrx_word' id='word_1_211' title='bbox 173 2667 252 2741; x_wconf 83' lang='lat' dir='ltr'><strong><em>genti</em></strong></span> <span class='ocrx_word' id='word_1_212' title='bbox 263 2685 315 2744; x_wconf 82' lang='lat' dir='ltr'><strong><em>pec</em></strong></span> <span class='ocrx_word' id='word_1_213' title='bbox 330 2684 376 2723; x_wconf 90' lang='lat' dir='ltr'><strong><em>eos</em></strong></span> <span class='ocrx_word' id='word_1_214' title='bbox 391 2666 452 2722; x_wconf 87' lang='lat' dir='ltr'><strong><em>dies</em></strong></span> <span class='ocrx_word' id='word_1_215' title='bbox 468 2666 551 2722; x_wconf 86' lang='lat' dir='ltr'><strong><em>toties</em></strong></span> <span class='ocrx_word' id='word_1_216' title='bbox 565 2661 601 2719; x_wconf 93' lang='lat' dir='ltr'><strong><em>ob</em></strong></span> <span class='ocrx_word' id='word_1_217' title='bbox 615 2681 644 2718; x_wconf 90' lang='lat' dir='ltr'><strong><em>se</em></strong></span> <span class='ocrx_word' id='word_1_218' title='bbox 660 2663 736 2720; x_wconf 84' lang='lat' dir='ltr'><strong><em>uicta</em></strong></span> <span class='ocrx_word' id='word_1_219' title='bbox 749 2683 761 2735; x_wconf 86' lang='lat'><em>;</em></span> <span class='ocrx_word' id='word_1_220' title='bbox 792 2675 849 2724; x_wconf 86' lang='lat' dir='ltr'><strong><em>aut</em></strong></span> 
     </span>
     <span class='ocr_line' id='line_1_33' title="bbox 61 2741 843 2824; baseline 0 -22"><span class='ocrx_word' id='word_1_221' title='bbox 61 2745 170 2803; x_wconf 85' lang='lat' dir='ltr'><strong><em>itineris</em></strong></span> <span class='ocrx_word' id='word_1_222' title='bbox 182 2744 272 2818; x_wconf 88' lang='lat' dir='ltr'><strong><em>finem</em></strong></span> <span class='ocrx_word' id='word_1_223' title='bbox 285 2754 397 2824; x_wconf 85' lang='lat' dir='ltr'><strong><em>sperent</em></strong></span> <span class='ocrx_word' id='word_1_224' title='bbox 415 2763 542 2824; x_wconf 89' lang='lat' dir='ltr'><strong><em>campum</em></strong></span> <span class='ocrx_word' id='word_1_225' title='bbox 563 2741 771 2822; x_wconf 73' lang='lat' dir='ltr'><strong><em>interjacentem</em></strong></span> <span class='ocrx_word' id='word_1_226' title='bbox 792 2743 843 2803; x_wconf 84' lang='lat' dir='ltr'><strong><em>Ti-</em></strong></span> 
     </span>
     <span class='ocr_line' id='line_1_34' title="bbox 60 2816 553 2884; baseline -0.006 -2"><span class='ocrx_word' id='word_1_227' title='bbox 60 2819 309 2884; x_wconf 85' lang='lat' dir='ltr'><strong><em>beriacmanibus</em></strong></span> <span class='ocrx_word' id='word_1_228' title='bbox 325 2825 468 2882; x_wconf 79' lang='lat' dir='ltr'><strong><em>Romanis.</em></strong></span> <span class='ocrx_word' id='word_1_229' title='bbox 501 2835 504 2842; x_wconf 84' lang='lat'>&#39;</span> <span class='ocrx_word' id='word_1_230' title='bbox 548 2816 553 2828; x_wconf 80' lang='grc'><strong>“</strong></span> 
     </span>
    </p>

    <p class='ocr_par' dir='ltr' id='par_1_7' title="bbox 59 2899 974 3304">
     <span class='ocr_line' id='line_1_35' title="bbox 67 2899 974 2983; baseline 0.006 -22"><span class='ocrx_word' id='word_1_231' title='bbox 67 2966 73 2973; x_wconf 51' lang='lat'><strong><em>,</em></strong></span> <span class='ocrx_word' id='word_1_232' title='bbox 100 2899 156 2962; x_wconf 77' lang='grc' dir='ltr'><strong>ΙΙΙ,</strong></span> <span class='ocrx_word' id='word_1_233' title='bbox 183 2900 237 2964; x_wconf 83' lang='lat' dir='ltr'><strong><em>His</em></strong></span> <span class='ocrx_word' id='word_1_234' title='bbox 261 2902 514 2965; x_wconf 83' lang='lat' dir='ltr'><strong><em>adhortationibus</em></strong></span> <span class='ocrx_word' id='word_1_235' title='bbox 543 2903 682 2964; x_wconf 76' lang='lat' dir='ltr'><strong><em>incitatos</em></strong></span> <span class='ocrx_word' id='word_1_236' title='bbox 717 2921 844 2983; x_wconf 80' lang='lat' dir='ltr'><strong><em>corpora</em></strong></span> <span class='ocrx_word' id='word_1_237' title='bbox 888 2921 974 2972; x_wconf 73' lang='lat' dir='ltr'><strong><em>Meet.</em></strong></span> 
     </span>
     <span class='ocr_line' id='line_1_36' title="bbox 59 2983 972 3065; baseline -0.008 -23"><span class='ocrx_word' id='word_1_238' title='bbox 59 2999 162 3042; x_wconf 71' lang='lat' dir='ltr'><strong><em>tutare</em></strong></span> <span class='ocrx_word' id='word_1_239' title='bbox 180 3026 192 3055; x_wconf 88' lang='lat'><strong><em>,</em></strong></span> <span class='ocrx_word' id='word_1_240' title='bbox 218 2995 307 3065; x_wconf 81' lang='lat' dir='ltr'><strong><em>atque</em></strong></span> <span class='ocrx_word' id='word_1_241' title='bbox 322 2983 361 3044; x_wconf 85' lang='lat' dir='ltr'><strong><em>ad</em></strong></span> <span class='ocrx_word' id='word_1_242' title='bbox 371 2985 429 3043; x_wconf 81' lang='lat' dir='ltr'><strong><em>iter</em></strong></span> <span class='ocrx_word' id='word_1_243' title='bbox 445 3002 479 3042; x_wconf 75' lang='lat' dir='ltr'><strong><em>se</em></strong></span> <span class='ocrx_word' id='word_1_244' title='bbox 493 3003 594 3063; x_wconf 70' lang='lat' dir='ltr'><strong><em>parare</em></strong></span> <span class='ocrx_word' id='word_1_245' title='bbox 610 2984 702 3063; x_wconf 80' lang='lat' dir='ltr'><strong><em>jubet.</em></strong></span> <span class='ocrx_word' id='word_1_246' title='bbox 718 2984 842 3043; x_wconf 85' lang='lat' dir='ltr'><strong><em>Postero</em></strong></span> <span class='ocrx_word' id='word_1_247' title='bbox 858 2992 972 3050; x_wconf 51' lang='lat' dir='ltr'><strong><em>terranea</em></strong></span> 
     </span>
     <span class='ocr_line' id='line_1_37' title="bbox 59 3040 955 3151; baseline -0.001 -31"><span class='ocrx_word' id='word_1_248' title='bbox 59 3059 109 3120; x_wconf 77' lang='lat' dir='ltr'><strong><em>tio</em></strong></span> <span class='ocrx_word' id='word_1_249' title='bbox 129 3060 278 3143; x_wconf 82' lang='lat' dir='ltr'><strong><em>proiectus</em></strong></span> <span class='ocrx_word' id='word_1_250' title='bbox 294 3062 414 3124; x_wconf 62' lang='lat' dir='ltr'><strong><em>adversi</em></strong></span> <span class='ocrx_word' id='word_1_251' title='bbox 428 3061 493 3144; x_wconf 72' lang='lat' dir='ltr'><strong><em>ripb</em></strong></span> <span class='ocrx_word' id='word_1_252' title='bbox 506 3063 641 3123; x_wconf 86' lang='lat' dir='ltr'><strong><em>Rhodani</em></strong></span> <span class='ocrx_word' id='word_1_253' title='bbox 657 3107 667 3135; x_wconf 91' lang='lat'>‚</span> <span class='ocrx_word' id='word_1_254' title='bbox 704 3062 842 3120; x_wconf 80' lang='lat' dir='ltr'><strong><em>meditar-</em></strong></span> <span class='ocrx_word' id='word_1_255' title='bbox 862 3040 955 3151; x_wconf 43' lang='lat' dir='ltr'><strong><em>⁶22¹?oe</em></strong></span> 
     </span>
     <span class='ocr_line' id='line_1_38' title="bbox 59 3116 931 3225; baseline 0.001 -26"><span class='ocrx_word' id='word_1_256' title='bbox 59 3139 147 3203; x_wconf 80' lang='lat' dir='ltr'><strong><em>ran‘ss</em></strong></span> <span class='ocrx_word' id='word_1_257' title='bbox 160 3142 267 3206; x_wconf 64' lang='lat' dir='ltr'><strong><em>Gallis</em></strong></span> <span class='ocrx_word' id='word_1_258' title='bbox 278 3145 378 3225; x_wconf 85' lang='lat' dir='ltr'><strong><em>petit,</em></strong></span> <span class='ocrx_word' id='word_1_259' title='bbox 400 3162 459 3202; x_wconf 87' lang='lat' dir='ltr'><strong><em>non</em></strong></span> <span class='ocrx_word' id='word_1_260' title='bbox 475 3142 549 3220; x_wconf 80' lang='lat' dir='ltr'><strong><em>quia</em></strong></span> <span class='ocrx_word' id='word_1_261' title='bbox 565 3143 682 3200; x_wconf 39' lang='lat' dir='ltr'><strong><em>rectior*</em></strong></span> <span class='ocrx_word' id='word_1_262' title='bbox 692 3139 728 3200; x_wconf 84' lang='lat' dir='ltr'><strong><em>ad</em></strong></span> <span class='ocrx_word' id='word_1_263' title='bbox 746 3139 840 3220; x_wconf 78' lang='lat' dir='ltr'><strong><em>Alpes</em></strong></span> <span class='ocrx_word' id='word_1_264' title='bbox 857 3116 874 3162; x_wconf 56' lang='lat' dir='ltr'><em>P</em></span> <span class='ocrx_word' id='word_1_265' title='bbox 920 3133 931 3151; x_wconf 79' lang='grc'><strong><em>’</em></strong></span> 
     </span>
     <span class='ocr_line' id='line_1_39' title="bbox 59 3218 842 3304; baseline -0.001 -25"><span class='ocrx_word' id='word_1_266' title='bbox 59 3221 109 3279; x_wconf 79' lang='lat' dir='ltr'><strong><em>via</em></strong></span> <span class='ocrx_word' id='word_1_267' title='bbox 125 3235 223 3299; x_wconf 82' lang='lat' dir='ltr'><strong><em>esset,</em></strong></span> <span class='ocrx_word' id='word_1_268' title='bbox 249 3223 325 3299; x_wconf 82' lang='lat' dir='ltr'><strong><em>ssd,</em></strong></span> <span class='ocrx_word' id='word_1_269' title='bbox 356 3223 496 3304; x_wconf 79' lang='lat' dir='ltr'><strong><em>qusntbm</em></strong></span> <span class='ocrx_word' id='word_1_270' title='bbox 520 3221 536 3280; x_wconf 74' lang='grc' dir='ltr'>ὲ</span> <span class='ocrx_word' id='word_1_271' title='bbox 553 3220 628 3282; x_wconf 83' lang='lat' dir='ltr'><strong><em>muri</em></strong></span> <span class='ocrx_word' id='word_1_272' title='bbox 643 3218 842 3300; x_wconf 74' lang='lat' dir='ltr'><strong><em>recessisset,</em></strong></span> 
     </span>
    </p>

    <p class='ocr_par' dir='ltr' id='par_1_8' title="bbox 59 3297 842 3372">
     <span class='ocr_line' id='line_1_40' title="bbox 59 3297 842 3372; baseline 0.003 -10"><span class='ocrx_word' id='word_1_273' title='bbox 59 3299 158 3365; x_wconf 74' lang='lat' dir='ltr'><strong><em>minin</em></strong></span> <span class='ocrx_word' id='word_1_274' title='bbox 184 3305 302 3372; x_wconf 85' lang='lat' dir='ltr'><strong><em>obvium</em></strong></span> <span class='ocrx_word' id='word_1_275' title='bbox 324 3301 388 3369; x_wconf 82' lang='lat' dir='ltr'><strong><em>loss</em></strong></span> <span class='ocrx_word' id='word_1_276' title='bbox 409 3301 576 3368; x_wconf 70' lang='lat' dir='ltr'><strong><em>nominum</em></strong></span> <span class='ocrx_word' id='word_1_277' title='bbox 596 3297 745 3366; x_wconf 78' lang='lat' dir='ltr'><strong><em>credens:</em></strong></span> <span class='ocrx_word' id='word_1_278' title='bbox 771 3317 842 3364; x_wconf 74' lang='lat' dir='ltr'><strong><em>cum</em></strong></span> 
     </span>
    </p>
   </div>
   <div class='ocr_carea' id='block_1_3' title="bbox 0 0 1012 3780">
    <p class='ocr_par' dir='ltr' id='par_1_9' title="bbox 0 0 1012 3780">
     <span class='ocr_line' id='line_1_41' title="bbox 0 0 1012 3780; baseline 0 1"><span class='ocrx_word' id='word_1_279' title='bbox 0 0 1012 3780; x_wconf 95' lang='lat' dir='ltr'><strong><em> </em></strong></span> 
     </span>
    </p>
   </div>
  </div>
 </body>
</html>
