2016 3780
200 188 269 283 2'56
442 162 785 321 T1n1111v11.·

341 583 757 655 NARRATIO
806 587 849 657 L

202 763 328 840 Prima
348 765 539 868 Scipionis
564 765 754 868 expeditio
782 769 825 841 in
851 772 1001 852 Africa.

428 876 622 951 Pelluntur
645 877 763 952 Poeni.

222 1094 989 1126 Q

72 1218 104 1276 U
115 1228 193 1291 2548,
238 1219 271 1273 P.
287 1218 406 1286 Scipio,
425 1219 487 1269 cum
506 1215 540 1268 ab
557 1229 653 1268 senatu
670 1216 708 1270 im
726 1227 847 1271 etr-asset
860 1228 881 1282 ,“
899 1236 931 1274 ut
943 1222 995 1276 siti

75 1279 191 1352 ι’.(].κ;4η
204 1283 235 1336 in
245 1282 373 1355 Africam
392 1282 525 1350 trajicere
538 1281 638 1335 liceret
651 1317 658 1345 ‚
680 1303 696 1335 c
710 1301 801 1334 assem
814 1284 837 1336 ἁ
852 1303 941 1355 portu
953 1289 994 1343 Li.

203 1340 295 1419 lpbaeo
312 1348 418 1410 solvit,
444 1358 584 1416 spectante
606 1348 709 1419 magud
727 1345 872 1402 hominum
897 1355 990 1421 curbi,

201 1415 254 1484 qui
261 1416 300 1467 .ιή
308 1428 414 1483 portum
426 1431 463 1464 ex
473 1412 598 1466 omnibus
616 1413 728 1466 Sicilia·
738 1415 867 1481 partibus
879 1439 992 1473 concur·

201 1493 304 1533 rerunt.
327 1480 355 1533 U
354 1479 382 1533 li
393 1478 507 1545 illuxit,
532 1479 611 1531 divos
624 1493 651 1530 et
660 1479 739 1532 divas
751 1494 836 1532 εεννω
848 1486 991 1556 ruer-isque

198 1560 327 1619 precatus
350 1583 357 1607 ,
379 1546 510 1614 ctesdque
529 1545 669 1605 virtituti,
697 1545 809 1616 signum
828 1547 914 1605 dedit
932 1552 992 1621 pm.

191 1612 359 1684 ficiscendi.
386 1611 444 1665 Die
457 1610 577 1663 secundo
590 1611 627 1662 ad
640 1608 757 1665 Pulchri
773 1619 991 1679 promontorium

200 1680 329 1757 appulsus
340 1677 434 1748 copias
448 1677 542 1729 statim
559 1677 687 1745 exposuit
700 1694 711 1735 ,⁶
716 1676 776 1747 jum
792 1697 847 1730 non
867 1681 899 1734 in
910 1686 991 1740 nturi.

198 1758 282 1797 timos
301 1745 380 1797 modo
394 1761 497 1814 agros,
521 1741 611 1795 sedin
622 1743 698 1810 ipses
712 1741 791 1794 urbes
804 1762 899 1819 pavor
910 1780 928 1812 μ
940 1764 992 1802 ter-

197 1828 302 1878 rorque
316 1822 484 1876 pervenerat.
502 1807 650 1874 Proecipue
667 1807 881 1883 parthanius,
928 1817 993 1883 topi

198 1888 228 1927 ut
247 1887 335 1936 capue
353 1873 485 1925 tumultus
498 1871 567 1938 fuit.
592 1873 714 1938 Scipio,
751 1893 845 1927 caste
880 1835 991 1935 Uii'cam

197 1938 301 2003 missii,
330 1937 389 2006 ipse
402 1937 520 1988 tumulos
528 1938 670 2002 proximos
685 1938 759 2006 cepit
777 1976 782 1999 ‚
811 1944 887 1997 und&
903 1964 990 2019 agros

198 2003 277 2057 circe
292 2003 422 2056 vastabat.
442 2001 548 2054 Posteri
560 2002 673 2055 omissis
687 2005 915 2072 expeditionibus
927 2033 989 2081 par-

197 2069 260 2135 vis,
281 2070 318 2124 ad
337 2089 405 2140 oppu
427 2068 543 2122 nantium
570 2068 698 2135 Uticam,
720 2089 813 2122 omnes
827 2072 902 2130 belli
916 2080 988 2132 vires

196 2136 342 2189 convertit.
362 2138 399 2190 Se
436 2137 498 2189 clun
510 2135 697 2205 quadraginta
706 2133 801 2203 ferme
825 2138 894 2194 dies
910 2145 987 2197 obse·

196 2201 303 2266 disset,
319 2202 439 2256 instante
450 2201 608 2271 jamhicme
622 2238 631 2265 ‚
650 2201 799 2255 abscedere
818 2204 889 2262 inde
905 2209 986 2265 irrito

196 2269 315 2339 incoepto
330 2282 440 2345 coactus
459 2281 512 2321 est.

197 2430 248 2544 ΙΝ
264 2481 396 2543 Africam
411 2483 588 2560 traiecturus
600 2481 724 2563 Scipio,
748 2483 866 2546 litteras
886 2488 926 2550 ad
936 2489 981 2552 M.

193 2558 390 2644 Pomponium
410 2562 529 2634 mittit,
552 2573 585 2622 ut
602 2563 628 2621 si
650 2564 679 2623 ei
704 2562 879 2641 videretur,
902 2570 984 2653 Lity.

192 2637 295 2703 baeum
321 2644 469 2718 veniret,
504 2653 537 2702 ut
565 2642 760 2703 communiter
790 2648 983 2711 consulerent

191 2739 263 2798 quas
283 2724 417 2800 legiones
439 2723 649 2859 potissimum,
681 2735 711 2782 et
737 2727 880 2802 quantum
902 2731 982 2790 mili-

190 2809 255 2861 tum
267 2803 425 2881 trajiceret.
459 2812 519 2859 tem
531 2803 644 2863 circum
657 2823 739 2863 oram
753 2823 871 2864 ornnem
886 2813 981 2872 mari.

189 2883 294 2942 timarn
308 2882 414 2954 misit,
439 2892 470 2940 ut
490 2901 578 2942 neves
595 2885 738 2944 onerarie
754 2886 980 2965 comprehense

186 2961 359 3043 Lilybaeum
394 2979 498 3020 omnes
536 2963 787 3024 contraherentur.
818 2966 979 3049 Quidquid

186 3044 320 3104 rnilitum
332 3039 510 3119 naviumque
527 3043 559 3099 in
573 3042 675 3103 sicilie
694 3054 780 3117 erat,
805 3046 872 3106 cum
894 3048 979 3132 Lily.

184 3123 280 3185 heum
292 3120 517 3193 convenissent,
544 3132 573 3179 et
594 3139 649 3179 nec
669 3121 737 3183 urbs
750 3123 976 3192 multitudinem

185 3203 361 3276 hominum,
386 3220 441 3261 neo
463 3213 566 3281 portus
590 3221 677 3262 naves
699 3215 819 3284 caperet
839 3249 848 3278 ‚
871 3217 974 3272 tentus

184 3284 320 3344 omnibus
337 3280 421 3341 ardor
443 3292 506 3341 erat
523 3282 553 3341 in
567 3282 699 3342 Africum
717 3283 882 3361 trajiciendi
904 3333 913 3359 ‚
940 3301 973 3350 nt

181 3381 240 3429 non
264 3361 427 3429 arbatum
449 3361 518 3424 duci
535 3361 726 3438 viderentur,
754 3365 805 3426 sed
827 3363 863 3426 ad
886 3383 971 3441 certe
