2016 3780
179 171 244 257 tlt
398 122 735 242 Turrim-rr

174 277 271 335 minio
292 274 371 334 noxi
394 274 519 335 liberato
542 319 551 348 ‚
576 275 743 354 relictoque
773 273 808 334 in
836 272 968 355 ejusdem

177 357 237 417 loci
252 356 410 435 prasidio,
424 356 549 417 tribunis
561 357 694 415 sontibus
707 355 852 432 judicatis
867 400 876 429 ‚
892 360 968 417 etin

179 438 295 495 vincula
309 437 464 509 conjectis,
483 449 513 495 ut
529 436 652 494 Romam
667 434 702 494 ad
715 447 854 495 senatum
869 439 969 509 mitte,-

129 589 134 600 .
170 529 301 587 ¹rentur,
318 517 483 575 Messanam
498 528 584 594 atque
599 515 669 575 inde
687 517 848 597 Syracusas
860 518 952 580 redit.

46 591 173 698 505¹}in
223 620 261 680 V.
282 619 444 677 Pleminius
472 620 619 698 impotens
641 614 718 691 irre,
746 618 924 695 neglectam
938 618 970 680 ab

46 713 128 780 uestras
172 699 321 779 ¹Scipione
339 711 368 756 et
390 700 480 758 nimis
503 700 609 757 leviter
624 700 711 758 latam
732 719 818 759 suam
832 702 970 778 injuriam

45 784 141 824 “mlt-
183 792 286 851 ratus,
303 799 357 839 nec
376 800 551 859 quemquam
569 783 616 859 (7)
640 782 786 840 aestimare
799 779 898 840 aliurn
912 800 970 838 eam

182 859 266 919 litem
280 879 386 941 posse,
405 861 463 918 nisi
483 863 532 939 qui
545 861 729 919 atrocitatem
746 863 814 938 ejus
832 860 971 941 patiendo

180 943 341 1014 sensisset,
358 942 490 999 tribunos
519 940 629 1000 attrahi
644 940 679 999 ad
704 959 735 1000 se
762 942 877 1017 jussit,
900 941 970 1001 lace·

180 1033 316 1100 ratesque
352 1021 489 1081 omnibus
514 1065 522 1093 ,
548 1041 611 1098 quae
641 1019 704 1101 pati
742 1040 860 1102 corpus
885 1020 969 1081 ullum

179 1114 297 1185 potest,
316 1101 475 1182 suppliciis
491 1099 641 1161 interfecit
658 1122 665 1158 z
683 1120 738 1160 nec
755 1105 885 1162 satiatus
901 1104 970 1160 vivo·

180 1203 245 1242 rum
269 1182 377 1261 poeni,
398 1182 565 1261 insepultos
582 1181 718 1261 projecit.
741 1182 849 1241 Simili
871 1181 969 1243 crude·
1007 1229 1008 1234 κ

179 1262 263 1323 litate
291 1272 320 1318 et
344 1261 376 1317 in
396 1261 591 1324 Locrensium
621 1261 775 1339 principes
810 1275 862 1323 est
888 1282 968 1333 usus,

179 1360 254 1421 quos
268 1340 302 1399 ad
314 1342 531 1418 conquerendas
551 1342 675 1421 injurias
694 1340 729 1398 ad
749 1342 782 1402 P.
797 1342 968 1421 Scipionem

151 1464 157 1475 .
179 1420 328 1501 proiectos
345 1421 466 1480 audivit.
481 1424 538 1494 Et,
555 1442 617 1501 quae
636 1431 719 1480 antea
737 1441 794 1500 per
816 1421 967 1483 libidinem

179 1512 267 1579 atque
291 1502 442 1562 avaritiam
463 1501 540 1562 foeda
552 1500 690 1580 exempla
709 1499 739 1559 in
753 1503 860 1563 socios
880 1501 966 1563 edide-

180 1592 251 1656 rat,
278 1592 348 1642 tunc
381 1581 480 1641 abira
505 1582 688 1662 multiplicia
705 1581 816 1643 edere:
841 1584 965 1644 infamia

183 1673 273 1742 atque
293 1661 414 1722 invidiae
437 1665 573 1724 nonsibi
600 1662 707 1734 modi),
733 1660 788 1722 setl
806 1667 904 1726 etiam
920 1665 964 1723 int·

183 1745 317 1823 peratori
342 1761 416 1803 esse.
527 1757 529 1762 '
828 1750 839 1773 ⁶

72 1820 173 1869 locren—

49 1883 110 1929 ,sum
140 1884 174 1927 te·
227 1847 279 1910 Vl.
305 1847 497 1906 Locrensium
522 1846 644 1918 clades,
678 1868 742 1927 quae
770 1847 917 1926 ignorata
938 1844 968 1907 ad

50 1942 113 2004 gari,
187 1946 251 1989 earn
264 1927 342 1983 diem
363 1925 477 1984 fuerant
493 1971 500 1999 ‚
515 1928 680 2004 legatorum
703 1927 833 1989 adventu
849 1927 969 2006 vulgata

186 2018 261 2067 sunt.
278 2007 341 2067 Nec
365 2018 424 2065 tam
446 2008 484 2087 Q
509 2008 649 2067 Pleminii
668 2009 783 2079 scelus,
809 2009 902 2087 quim
917 2010 970 2068 Sci·

184 2088 284 2165 pionis
302 2088 333 2145 in
354 2107 390 2147 eo
417 2100 465 2147 aut
481 2089 624 2161 ambiti0‚
643 2100 692 2147 aut
709 2089 899 2167 negligentia
915 2091 970 2148 iras

184 2166 337 2229 hominum
357 2169 493 2228 irritavit.
512 2170 625 2229 Decem
646 2168 736 2246 legati
754 2168 971 2241 Locrensium,

183 2251 273 2309 obsiti
292 2252 429 2327 squalore
448 2261 478 2307 et
497 2249 655 2320 sordibus,
674 2252 704 2306 in
720 2250 853 2309 comitio
879 2250 971 2312 seden-

183 2332 263 2390 tibus
285 2329 454 2389 consulibus
475 2372 484 2399 ‚
506 2330 667 2390 velamenta
699 2329 878 2409 supplicum
902 2350 971 2405 ‚ra-

182 2430 246 2471 mos
265 2409 364 2482 oteae(
380 2420 412 2466 ut
431 2408 545 2469 Graecis
572 2428 637 2466 mos
663 2412 732 2480 est)
753 2412 970 2489 porrigentes,

183 2500 250 2549 ante
279 2487 408 2546 tribunal
435 2507 504 2553 cum
533 2487 626 2546 llebili
648 2487 869 2553 vociferatione
896 2490 970 2551 humi

182 2562 419 2652 procubuerunt.
441 2569 648 2648 Quaerentibus
664 2569 841 2630 consulibus
855 2572 970 2632 Locren·

183 2671 228 2709 scs
249 2672 280 2709 se
307 2647 450 2708 dixerunt
473 2670 555 2724 esse,
568 2673 600 2710 eu
622 2671 719 2728 pessos
742 2649 759 2707 ὰ
779 2651 814 2728 Q.
833 2652 963 2713 Pleminio

184 2730 297 2807 legato,
323 2731 507 2808 Romanisque
526 2730 685 2802 militibus,
698 2751 758 2809 quoe
772 2735 838 2810 pati
851 2726 965 2793 nd'Cur·

183 2811 381 2891 titrginr'enses
415 2813 525 2888 quidem
559 2811 627 2872 velit
658 2809 780 2892 populus
820 2813 968 2874 Romanus.

218 2985 231 3029 7
248 2965 445 3033 (AEstinmre..
456 2987 516 3018 eam
525 2967 560 3019 li·
595 2970 649 3020 slve
659 2969 690 3021 ad
697 2969 866 3023 resarcienda
876 2974 970 3026 incom-

183 3049 324 3102 tenrpusse
335 3032 560 3094 )AE.stt'nrarelt'-
594 3038 689 3097 moda,
703 3052 761 3104 quae
780 3036 858 3090 illata
883 3041 933 3092 sibi
943 3038 970 3090 alt

184 3115 251 3161 tem,
262 3099 411 3164 estproprib
422 3099 559 3150 decernere
594 3119 626 3151 eo
637 3120 693 3153 esse
700 3103 832 3172 quispiam
843 3120 971 3176 queratur·

184 3181 307 3234 quaenam
325 3167 444 3231 pecuniae
460 3183 562 3217 summa
595 3168 647 3220 Hic
663 3171 769 3239 figurati
791 3170 972 3241 surnitur'pm

185 3232 332 3291 &damnato
348 3233 506 3287 exsolvenda
519 3235 561 3294 sit,
595 3249 844 3311 strrruereaaequum
857 3237 973 3297 ultionis

185 3301 241 3369 sive
260 3301 289 3352 in
308 3301 444 3367 piaculum
463 3315 540 3354 noxie
551 3337 560 3367 ,
594 3301 710 3361 niodum.

45 3418 136 3570 ι
860 3398 977 3487 nogara
