2016 3780
252 187 534 261 Nannieno
584 188 674 260 LV.
792 192 855 264 185

70 292 170 355 cundici
191 293 349 369 obstrictus.
384 291 505 354 Proinde¹
531 295 592 375 (9)
611 296 721 376 siquid
739 298 777 355 ad
797 318 854 371 ea,

70 376 175 454 ioqaoe
191 386 248 433 tum
261 396 326 453 pax
342 389 506 434 conuentura
518 373 672 449 videbatur,
687 380 699 451 (
712 396 771 455 quo
781 376 855 449 sint,

69 458 163 530 nosti)
177 455 287 514 mulcta
300 456 410 513 noriam
424 475 484 514 cum
496 469 650 514 commeatu
663 476 715 534 per
728 457 855 515 inducias

69 546 322 612 expugnatarum,
343 532 558 615 legatorumque
580 533 763 605 violatorum,
779 538 855 612 adji-

69 615 161 686 citur;
185 627 228 673 eet
250 618 323 694 quod
338 619 456 685 referam
479 619 517 673 ad
538 612 694 675 consilium.
727 612 776 672 Sin
800 614 854 674 ilio
957 662 960 667 .

68 712 174 772 quoque
190 697 287 772 gravia
302 695 447 765 uidemur,
470 692 574 753 bellum
587 707 706 774 parate,
723 697 853 775 quoniam
911 688 915 705 '¹

64 792 163 850 pacem
181 777 246 853 pati
266 795 318 831 non
335 775 477 852 potuistis.
505 773 549 833 lta
571 773 682 835 iniecti
701 793 796 853 pace,
815 793 854 834 ox

66 851 217 930 colloquio
237 851 274 912 ad
294 858 362 911 suos
382 852 450 912 cino
465 871 497 912 se
512 855 718 934 recepissent,
744 852 854 931 frustra

66 933 154 991 verba
175 935 283 1012 jactata
299 935 500 1003 renunciant:
526 935 616 993 armis
637 932 854 994 decernendum

66 1029 160 1085 esse,
186 1011 406 1092 habendamque
433 1026 498 1072 eam
523 1013 673 1075 fortunam
697 1033 787 1094 quam
808 1014 853 1073 dii

65 1090 225 1151 dedissent.
876 1106 878 1115 ’

105 1171 176 1234 ΧΙΙ.
199 1173 233 1232 ln
254 1182 394 1233 castrant
416 1181 627 1244 artnentum,
652 1174 852 1254 pronunciant

64 1253 171 1325 ambo,
188 1254 274 1312 Arma
287 1255 455 1334 expedirent
463 1252 569 1311 milites
580 1256 741 1336 animosque
754 1259 792 1313 ad
801 1277 850 1314 su-

62 1354 189 1414 premum
200 1348 358 1404 certamen,
373 1356 426 1392 non
443 1334 470 1391 in
485 1353 568 1392 unum
580 1336 653 1393 diem
667 1376 676 1406 ‚
691 1340 740 1395 sed
750 1338 778 1394 in
786 1356 851 1415 per-

62 1424 198 1492 petuum,
218 1418 242 1472 si
255 1414 386 1484 felicitas
402 1415 535 1485 adesset,
558 1417 682 1474 uictores.
706 1416 850 1477 domoon

50 1491 53 1495 ’
66 1491 212 1570 Carthago
222 1494 287 1573 jura
295 1495 428 1574 gentibus
436 1495 536 1563 daret,
547 1489 613 1552 antl
625 1495 775 1553 crastinam
787 1517 850 1555 noc·

63 1585 120 1652 tem
129 1574 256 1633 scituros.
268 1573 364 1654 Neque
371 1573 443 1630 enim
451 1571 577 1641 Africam
585 1615 594 1642 ,
603 1584 654 1632 aut
664 1573 789 1647 ltaliam,
799 1579 849 1636 sed

62 1651 155 1712 orbem
165 1655 433 1713 terrarumoictoriu
440 1653 663 1729 premiumfore.
677 1654 850 1733 Parparica·

61 1730 119 1792 lum
131 1735 256 1813 premio,
285 1732 722 1810 uibasadversapugnafortuna
731 1736 846 1803 fuisset.

60 1814 138 1875 Nam
153 1831 248 1892 neque
262 1756 401 1873 iomanis
417 1808 563 1888 eiiugium
577 1811 670 1872 ullum
684 1813 801 1893 patebat
815 1816 873 1893 iu,

32 1957 36 1972 ι
62 1893 160 1951 aliena
171 1893 330 1972 ignotique
343 1889 421 1951 terri
435 1910 441 1948 z
456 1901 486 1950 et
497 1891 691 1972 Carthagini,
705 1911 847 1975 supremo

60 1971 176 2110 auxilio
188 1971 301 2047 effuso,
322 1969 426 2032 adesse
441 1970 594 2032 videbatur
606 1992 734 2054 precene
749 1977 848 2036 exsci-

50 2105 51 2109 ,
81 2069 153 2111 lum.
819 2073 822 2077 ’

100 2129 184 2193 ΧΙΙῙ.
198 2130 243 2190 Ad
252 2132 309 2192 hoc
318 2129 478 2190 discrimen
489 2128 652 2211 procedunt
663 2142 784 2211 postero
796 2132 846 2194 die

58 2209 672 2292 duorumopulentissimorumpopulorum
683 2210 845 2296 duoglongd

56 2291 217 2353 clarissimi
229 2292 328 2366 duces,
340 2291 400 2351 duo
409 2289 562 2350 fortissimi
574 2291 723 2351 exereitus
733 2336 742 2365 ‚
753 2293 845 2355 multa

57 2371 126 2433 anti
149 2383 234 2453 parta
255 2371 360 2433 decora
382 2382 434 2431 aut
450 2372 627 2431 cumulaturi
644 2391 681 2430 eo
696 2370 770 2446 die,
792 2385 845 2434 aut

58 2453 199 2511 eversuri.
220 2452 356 2513 Prelium
371 2451 482 2512 deind&
506 2453 729 2524 committitur,
750 2451 844 2516 dubia

59 2531 278 2608 aliquantulum
302 2551 337 2590 ea
360 2550 458 2610 pugna
480 2530 545 2591 luit.
568 2531 701 2592 Tandem
720 2533 844 2594 vincunt

57 2609 196 2670 Romani.
224 2610 513 2688 Carthaginiensium
540 2613 746 2690 sociorumque
769 2633 843 2676 caesa

56 2710 94 2751 eo
112 2691 161 2749 dio
175 2689 262 2771 supra
275 2689 371 2750 millia
383 2691 502 2768 viginti.
526 2691 580 2750 Par
595 2690 688 2750 ferme
702 2712 842 2759 numerus

54 2780 167 2850 captus·
177 2781 222 2830 est
238 2815 247 2844 ‚
267 2790 335 2831 cum
354 2771 447 2847 signio
462 2767 640 2832 militaribus
654 2784 773 2834 centum
787 2776 842 2835 tri.

55 2854 136 2929 ginta
154 2851 267 2924 tribus,
288 2849 453 2930 elephantis
469 2850 616 2914 undecim.
642 2854 781 2919 Victores
802 2856 841 2917 ad
925 2926 931 2937 ⁶

56 2930 387 2991 duomilliacecidlre.
512 2978 517 2985 .
824 2955 827 2961 ·

95 3011 182 3072 xlv.
197 3010 324 3070 Annibal
338 3030 404 3070 cum
417 3011 518 3091 paucis
531 3011 683 3090 equitibus
700 3010 777 3071 inter
791 3024 840 3075 tu.

54 3091 182 3151 multum
193 3091 308 3171 elapsus
323 3137 332 3164 ‚
347 3091 539 3151 Adrumetum
562 3091 702 3172 perfugit.
728 3093 840 3156 Omnia

87 3196 126 3262 9(
133 3193 167 3246 Si
196 3193 246 3246 uid
255 3195 293 3268 ad
303 3195 353 3258 ea)
369 3185 429 3247 Hoc
462 3196 573 3247 naulotar
585 3196 847 3258 nomine‚navium'

55 3265 119 3316 licet
130 3213 209 3327 pauiu
219 3262 306 3311 durius
319 3260 378 3310 ferri
390 3273 429 3311 ta·
461 3276 678 3332 eufruguatarum
690 3262 777 3329 causi,
790 3263 836 3317 ad·
928 3318 937 3335 ,

54 3346 116 3384 men
126 3339 225 3393 potest,
235 3339 312 3394 atque
318 3328 347 3376 in
354 3326 428 3403 hunc
456 3327 559 3400 jicitur
567 3328 605 3382 ad
615 3347 658 3383 ca.

54 3396 162 3453 modum
173 3395 271 3465 exponi
290 3414 297 3446 ε
314 3392 349 3449 Si
359 3393 429 3465 quad
521 3431 524 3437 -
808 3400 927 3552 ‘
