2016 3780
195 156 478 266 N‘annrrr'o
534 190 708 263 LVIII,
748 213 845 262 „201

58 298 180 355 redisset
190 335 198 362 ,
208 296 338 364 accusari
347 316 400 350 noa
409 316 563 367 passurum.
585 296 734 349 Silentium
744 294 848 349 ricimiri

61 369 108 487 ried
113 364 251 484 Afrieurpq
260 360 394 436 fuitpV
391 365 458 419 itarn
468 361 578 419 Literni
594 363 655 434 egit
677 400 685 428 ,
717 364 780 417 sine
801 361 847 415 de·

59 453 84 488 sr
109 453 168 489 erro
187 453 220 485 ur
238 452 273 486 rs.

32 700 40 714 ,
63 587 119 700 p.
145 639 278 720 Scipioni
301 637 461 710 Africano,
489 636 547 697 duo
570 639 609 716 Q.
632 636 747 696 Petillii
765 634 850 699 diem

61 720 211 782 dixerunt.
241 719 297 792 ld,
320 730 409 799 prout
428 721 571 799 cujusque
590 719 745 795 ingenium
764 729 850 791 erat,

60 800 338 882 interpretabantur.
380 799 443 859 Alii
472 816 532 860 non
560 800 694 858 tribunos
724 798 850 879 plebis,

60 883 112 944 sed
132 881 295 942 universam
316 879 488 953 civitatem,
511 899 574 958 quae
589 878 621 939 id
640 879 704 960 pati
728 889 850 959 posset,

60 963 244 1023 incusabant.
267 961 351 1020 Duas
363 966 507 1021 maximus
522 959 596 1020 orbis
611 973 750 1020 terrarum
768 959 851 1019 nrbes

61 1048 190 1124 ingratas
206 1064 259 1101 uno
269 1062 355 1120 prope
367 1053 490 1122 tempore
501 1045 528 1099 in
538 1044 679 1119 principes
695 1043 819 1100 inuentos
839 1061 851 1097 .·

61 1126 179 1186 Romam
202 1125 386 1204 ingratiorem
398 1143 410 1193 ,·
431 1125 457 1181 si
472 1123 583 1259 pridem
605 1124 678 1180 victa
702 1120 849 1199 Carthago

63 1209 164 1266 uictum
184 1201 350 1262 Annibalem
367 1203 395 1260 in
411 1205 477 1261 exsi
491 1207 546 1260 ium
563 1201 724 1280 expulisset
729 1223 742 1276 ,·
759 1204 850 1262 Roma

62 1287 167 1346 victrix
180 1286 310 1343 victorem
323 1282 487 1355 Africanum
499 1281 639 1361 expellat.
654 1281 714 1341 Atii
728 1326 736 1354 ,
754 1281 852 1341 Nerui-

61 1387 122 1427 nem
138 1385 220 1424 umun
239 1366 324 1422 civem
339 1365 446 1420 tentiun
459 1363 580 1421 eminere
594 1361 710 1436 debere,
729 1373 760 1421 ut
777 1361 851 1440 iegi-

62 1450 113 1506 bus
134 1445 304 1522 interrogari
328 1462 380 1500 non
401 1444 491 1523 possit
511 1463 521 1501 ‚⁴
546 1441 616 1500 nihii
633 1456 690 1502 torn
708 1446 852 1524 uquoudae

64 1525 205 1585 libertatis
217 1545 298 1594 esse,
316 1518 398 1601 quim
410 1522 637 1600 potentissimum
651 1544 784 1603 quemque
799 1524 849 1597 (1)

59 1626 141 1688 posse
159 1609 250 1666 dicere
268 1623 392 1662 causum.
416 1602 492 1681 Quiri
506 1614 599 1662 cutem
619 1604 679 1662 turb
699 1606 852 1684 cuiquem,

62 1690 161 1746 nedum
177 1705 314 1747 summam
331 1680 507 1760 reipublice,
518 1680 663 1762 permitti,
676 1688 700 1743 si
712 1688 784 1744 ratio
796 1704 851 1743 non

61 1770 101 1828 sit
114 1771 255 1827 reddendo
266 1768 281 1822 i
302 1764 357 1841 Qui
370 1764 417 1840 jus
433 1784 540 1842 equum
555 1768 619 1845 pati
632 1787 685 1826 non
694 1771 804 1846 possit,
821 1766 853 1824 in

62 1867 123 1907 eunt
138 1850 191 1907 uim
208 1847 283 1906 baud
295 1847 427 1923 injustam
441 1863 513 1903 esse.

70 1954 72 1959 ·
104 1937 146 1998 11.
169 1940 239 1998 Haec
261 1938 372 2014 agitata
391 1935 595 2008 sermonibu83
619 1934 712 1996 donec
729 1934 793 1996 dies
808 1933 855 1996 dis

63 2015 161 2078 cende
177 2035 277 2076 causae
293 2019 384 2077 venit.
406 2017 472 2076 Nec
488 2013 563 2072 alius
577 2015 852 2094 anteaquicquam,

63 2116 119 2156 nec
143 2095 196 2154 ille
224 2097 287 2177 ipse
311 2097 413 2178 Scipio
438 2092 543 2155 consul
568 2112 709 2154 censorve
737 2099 853 2175 majore

64 2178 159 2238 omnis
172 2178 290 2255 generis
305 2176 458 2235 bominum
476 2173 660 2252 frequentii,
682 2175 770 2254 quim
784 2195 852 2236 reus

12 2293 15 2297 ·
62 2258 121 2319 ino
142 2257 189 2316 die
210 2259 240 2316 in
263 2256 360 2318 forum
383 2267 428 2316 est
447 2254 601 2315 deductus.
625 2255 730 2319 Jusrus
749 2256 852 2317 dicere

63 2358 182 2402 causam
197 2383 206 2412 ,
223 2333 287 2397 sibe
307 2337 366 2398 ulia
382 2337 540 2399 criminum
554 2336 724 2410 mentione,
741 2340 852 2397 oratio·

63 2419 221 2479 nem‘arieo
236 2418 422 2496 magnificam
441 2418 578 2477 derebus
597 2416 634 2477 ab
648 2439 680 2477 se
697 2419 789 2495 gestis
805 2429 852 2479 est

64 2521 206 2572 exorsus,
226 2511 259 2559 ut
275 2500 344 2577 satis
360 2511 527 2571 constaret,
552 2499 703 2558 neminem
721 2519 851 2580 uuquam

64 2579 406 2659 usquemelibs,·neque
422 2582 520 2639 veribs
536 2579 685 2639 laudatum
701 2599 776 2641 esso.
793 2581 852 2639 Di-

64 2660 206 2720 cebantur
224 2661 302 2719 enirn
330 2661 492 2721 abeodem
521 2663 620 2720 animo
644 2662 744 2738 ingeni
787 2681 851 2735 ue,

64 2740 156 2822 itquo
172 2753 353 2820 gestaerant
378 2763 384 2800 :
413 2752 443 2800 et
474 2743 533 2817 (2)
559 2741 675 2802 aurium
696 2741 763 2802 fusti
789 2742 854 2802 ium

64 2823 191 2896 aberat,
214 2825 283 2902 quia
305 2821 538 2906 propericulo,
561 2843 620 2882 oon
644 2823 675 2882 in
697 2822 823 2902 gloriam
839 2862 853 2896 ,-

65 2901 281 2966 referebantur.

71 3074 74 3080 .
106 2993 170 3055 111.
197 2994 326 3068 Tribuni
349 2993 448 3078 plebis
470 3005 566 3056 vetera
585 2990 708 3089 iuxurire
725 2993 851 3058 crimina

80 3192 86 3199 -
101 3177 111 3210 r
130 3161 242 3226 (Posse
262 3157 356 3212 dicore
373 3177 440 3211 cau·
474 3176 546 3211 aures
560 3159 780 3225 aspernabantur,
793 3176 851 3228 grs-
861 3200 876 3209 .
951 3175 954 3181 ·

66 3232 143 3294 sarri)
164 3230 244 3279 Posse
263 3226 389 3279 accusari.
417 3286 421 3293 Ι
473 3228 601 3278 vehantur
628 3226 697 3280 hanc
720 3227 851 3278 laudatio-

100 3311 115 3345 2
137 3294 273 3361 (Aurium
286 3289 440 3364 fastidium
473 3309 534 3344 nem
546 3295 578 3344 ab
589 3296 649 3362 ipsu
659 3293 853 3362 scipiomsitu

66 3361 181 3433 aberat)
201 3358 440 3416 necennensium
472 3362 582 3415 dictam.
667 3406 677 3421 ,

863 3434 889 3493 Ι
935 3516 948 3527 .
