2016 3780
151 197 218 263 208
374 176 505 261 Tm
551 185 710 263 Lrvrr

28 335 34 343 -
76 344 79 349 .
152 294 320 374 quanqudm
344 293 422 355 lama
439 295 552 376 pride(
571 293 629 374 qud
655 295 767 354 incerta
784 292 816 353 in
837 293 935 373 majus

151 395 222 437 vero
236 375 307 435 ferri
324 377 439 450 solent)
455 375 501 452 (8)
513 385 669 455 proecepts
681 384 818 435 reserat:
835 384 935 432 tamen

152 474 192 514 ex
208 458 376 537 propinquo
392 456 454 515 visa
469 456 613 515 montium
630 453 777 527 altitudo,
795 454 936 532 nivesque

152 536 229 596 coelo
247 541 341 618 prope
359 537 520 606 immiste,
543 544 619 594 tecta
637 534 775 594 informia
792 535 936 615 imposita

152 615 303 693 rupibus,
323 635 432 694 pecora
454 619 642 695 jumentaque
670 615 783 674 torrida
804 613 936 694 frigore,

152 693 287 754 homines
304 698 413 754 intonsi
430 705 460 753 et
476 694 579 755 inculti
599 738 608 768 ,
636 695 777 755 animalia
791 696 936 755 inanima-

153 793 209 852 que
231 773 329 834 omnia
356 775 484 854 rigentia
507 775 576 853 gelu
599 818 609 849 ,
644 785 742 836 cetere
758 776 823 836 visu
847 774 936 856 qubm

152 853 232 915 dictu
248 855 370 914 foediora
387 899 396 926 ,
425 865 568 914 terrorem
584 855 772 916 renovdru'nt.
833 862 839 866 '

156 978 160 985 ·
191 946 246 1009 IX.
275 947 468 1025 Erigentibus
499 946 531 1004 in
558 946 674 1026 primos
701 966 807 1024 agmen
841 945 936 1007 clivos

80 1068 82 1072 ,
150 1039 349 1108 apparuerunt
384 1028 572 1086 imminentes
615 1026 744 1088 tumulos
775 1026 935 1088 insidentes

150 1109 310 1172 montani:
328 1108 378 1187 qui
395 1108 420 1166 si
437 1107 527 1168 valles
545 1108 722 1168 occultiores
740 1106 936 1182 insedissent,

116 1255 119 1260 ,
150 1193 245 1253 c'oorti
267 1190 299 1247 in
322 1207 454 1270 pugnam
482 1191 627 1268 repente,
652 1189 803 1266 ingentem
834 1187 937 1266 fugam'

150 1282 336 1348 stragemque
354 1269 511 1330 dedissent.
531 1267 661 1328 Annibal
678 1271 838 1329 consistere
851 1270 935 1346 signs

149 1350 253 1432 lubet,
276 1348 430 1428 Gallisque
455 1348 490 1409 ed
514 1347 636 1408 visenda
657 1348 724 1408 loca
748 1350 936 1429 premissis,

150 1430 307 1512 postquem
338 1433 485 1510 comperit
510 1430 665 1491 transitum
695 1430 730 1490 ei
754 1448 812 1489 non
836 1447 901 1490 esse
924 1438 937 1502 ,'

151 1524 247 1572 castra
270 1513 349 1570 inter
378 1510 552 1588 confragosa
584 1512 683 1570 omnia
712 1520 938 1593 preruptoque,

151 1596 238 1672 qudm
262 1590 469 1650 extensissimd
495 1602 592 1671 potest
620 1591 719 1665 valle,
751 1590 837 1651 locat.
857 1589 936 1650 Tum

150 1692 206 1755 per
226 1671 346 1732 eosdem
362 1671 470 1733 Gallos
486 1715 495 1743 ‚
517 1670 596 1732 haud
611 1675 680 1732 sane
693 1672 821 1731 multdm
836 1669 935 1749 lingui

150 1756 340 1827 moribusque
360 1752 550 1812 abhorrentes
571 1795 580 1825 ,
608 1754 676 1811 cbm
690 1771 730 1811 se
753 1752 937 1812 immiscuis-

150 1845 215 1893 sent
236 1831 396 1908 colloquiis
410 1844 615 1890 montanorum
631 1874 641 1902 ,
671 1831 791 1891 edoctus
807 1830 948 1891 interdiu¹

149 1911 265 1970 tentbm
279 1910 408 1969 obsideri
421 1909 529 1967 saltum
543 1952 552 1981 ‚
581 1920 667 1968 nocte
680 1911 710 1969 in
726 1929 776 1969 sna
787 1931 936 1992 quemque

147 1989 243 2050 dilabi
260 2000 360 2064 tecta,
385 1990 452 2049 luce
464 1989 558 2067 primi
575 1989 667 2049 subiit
681 1990 830 2064 tumulos,
854 2005 936 2052 etex

148 2083 252 2154 operto
272 2082 359 2149 etque
373 2067 502 2130 interdiu
519 2070 579 2130 vim
598 2089 653 2151 per
672 2071 820 2149 angustias
844 2071 935 2133 factu·

148 2173 206 2214 rus.
224 2152 285 2210 Die
297 2150 431 2224 deinde,
459 2150 623 2212 simulando
643 2150 723 2211 aliud
743 2154 830 2232 quam
852 2151 934 2231 quod

148 2233 327 2314 parabatur,
350 2243 548 2314 consumpto,
570 2231 640 2293 crim
655 2231 760 2293 eodem
776 2253 835 2314 quo
848 2252 934 2293 cons·

148 2316 269 2374 titersnt
288 2315 357 2375 loco
379 2315 758 2388 castrelcommunissent,
792 2315 842 2372 ubi
867 2313 933 2393 pri·

147 2395 229 2454 mum
244 2393 397 2469 degressos
418 2393 540 2454 tumulis
557 2404 737 2466 montanos,
762 2393 934 2470 laxatasque
962 2422 969 2429 ν

147 2473 247 2534 sensit·
261 2474 431 2546 custodias,
459 2473 594 2553 pluribus
621 2473 742 2552 ignibus
765 2472 852 2551 qudm
877 2491 934 2551 pro

147 2573 270 2615 numero
287 2556 469 2616 manentium
480 2553 512 2611 in
526 2554 658 2633 speciem
673 2552 781 2625 iactis,
804 2551 932 2632 impedi·
996 2572 1000 2579 ·

63 2680 67 2687 .
108 2679 113 2687 .
146 2639 313 2716 mentisque
327 2656 394 2698 cum
407 2635 507 2713 equite
519 2636 652 2710 relictis,
665 2646 693 2694 et
705 2632 833 2693 maximi
846 2643 933 2713 parte

145 2715 300 2795 pediturn,
314 2719 379 2809 ipse
392 2736 459 2776 cum
471 2714 624 2795 expeditis
635 2759 644 2787 ‚
655 2715 800 2776 acerrimo
812 2732 934 2793 quoque

145 2794 232 2867 viro,
265 2807 373 2874 raptim
400 2797 551 2872 angustias
575 2793 677 2856 evadit
702 2793 830 2870 :iisque
855 2795 934 2871 ipsis
970 2808 975 2817 '

146 2873 269 2933 tumulis
280 2900 298 2945 ,·
315 2873 498 2951 quos-hostes
513 2884 688 2946 tenuerent,
716 2868 861 2933 consedit.

186 2963 226 3026 X.
246 2964 347 3023 Prima
364 2963 472 3022 deinde
490 2965 558 3022 luce
577 2976 671 3025 castro
693 2971 772 3020 mota
797 3005 806 3035 ,
836 2973 866 3022 et
884 2983 931 3043 ag.

145 3060 215 3104 men
239 3043 386 3125 reliquum
413 3040 551 3102 incedere
576 3045 677 3122 coepit.
700 3042 769 3104 Jsm
797 3046 930 3105 montani

146 3127 234 3205 signo
260 3123 328 3186 dato
355 3144 393 3199 ex
415 3120 547 3184 castellis
565 3121 609 3183 'ad
632 3121 791 3182 stationem
811 3122 931 3184 solitam

145 3206 359 3269 conveniebant
370 3231 380 3282 ς
412 3204 482 3268 cum
498 3203 620 3288 repente
641 3205 829 3286 conspiciunt
853 3203 933 3267 alios

58 3338 474 3586 'lll'raeceptaldutd
485 3357 683 3431 suimoespts,
701 3358 877 3432 precoguite.
