2016 3780
186 164 254 210 220
416 135 544 205 T1n1
591 135 740 206 L1v11

178 249 246 314 ¹est,
272 239 410 320 Alpium,
438 262 499 299 cum
511 244 640 299 semestri
655 241 704 301 hoc
721 243 870 310 conferam
882 245 957 305 duce
975 289 985 320 ‚

178 327 327 381 'desertore
343 323 484 381 exercitus
496 323 541 380 sui
556 318 628 381 ICui
644 323 669 380 si
682 324 744 402 quis
751 323 873 400 demptis
883 327 983 402 signis

184 402 285 462 Panos
302 403 492 480 Romanosque
507 400 586 462 hodie
604 405 752 471 ostendat,
778 398 981 479 ignoraturum

185 494 290 541 certum
313 479 422 551 habeo,
447 482 538 537 utrius
555 480 698 538 exercitiis
708 483 747 538 sit
762 479 869 540 consul.

225 559 295 621 XII.
322 561 383 618 Non
407 579 459 637 ego
479 559 552 617 illud
576 562 655 638 parvi
679 562 808 634 astimo,
840 559 977 635 milites,

175 644 258 722 ‘quod
280 661 359 698 nemo
380 641 498 697 oestrum
520 651 592 710 est,
619 642 695 718 cujus
716 662 768 698 non
785 651 853 699 onte
877 641 977 704 oculos

175 723 245 799 ‘ipse
271 717 342 799 snpd
364 718 487 778 militare
513 718 629 797 aliquod
658 723 790 783 ediderim
818 723 939 789 facinus
962 743 975 795 ,⁰

184 804 229 859 cui
245 822 297 858 non
310 803 384 859 Idem
397 821 450 880 ego
465 801 576 864 uirtutis
593 811 733 878 spectator
747 821 781 859 ac
795 803 898 873 testis,
922 825 974 866 no,-

139 878 142 882 ’
180 891 247 940 tata
272 878 441 958 temporibus
465 878 586 976 locisque
602 884 706 951 referre
723 901 774 938 sua
793 883 900 957 possim
923 887 975 942 de-

183 982 259 1020 cora.
287 958 358 1018 Cum
383 958 544 1017 laudatisa
572 980 616 1016 me
649 958 754 1018 millies
780 963 974 1040 donatisque,

182 1039 314 1101 alumnus
332 1041 408 1119 priics
432 1042 549 1097 omnium
571 1049 714 1111 uestram,
742 1039 825 1118 qudm
846 1042 972 1120 impera-

183 1133 250 1191 tor,
281 1123 429 1199 procedam
452 1121 511 1178 acie
532 1121 793 1198 adverstsflignotos
815 1121 890 1180 inter
916 1143 973 1194 se,

182 1203 406 1280 ignorantesque.
740 1259 753 1263 „
952 1227 954 1230 >

223 1279 310 1341 XIII.
344 1279 521 1358 Qudcumquc
547 1276 704 1336 ciccumtuli
729 1277 852 1350 oculos,
881 1277 969 1360 plena

182 1363 275 1420 omnia
301 1362 379 1421 uideo
402 1361 558 1417 animorum
585 1381 618 1422 aa
641 1356 745 1432 roboris
770 1381 781 1416 r
806 1371 969 1421 ueteranum

181 1443 322 1524 peditem,
345 1442 624 1520 generosissimorum
641 1442 766 1519 gendum
780 1435 820 1515 (8
832 1441 969 1520 >equites

176 1525 309 1600 frenatos
325 1532 352 1578 et
368 1521 543 1599 infrenatos,
557 1541 603 1579 vos
619 1523 706 1579 socios
713 1518 969 1594 fidelissimosfor·

180 1604 382 1682 mniumque,
414 1621 461 1658 vos
487 1598 759 1678 Carthaginienses,
786 1600 843 1657 cum
861 1598 896 1666 ob
912 1613 968 1679 pa·

171 1684 267 1740 triam
281 1724 289 1753 ,
313 1693 372 1739 tum
383 1681 418 1736 ob
438 1684 508 1737 iram
515 1681 702 1756 justissimam
716 1689 901 1767 pugnaturos.
917 1679 966 1746 In-

173 1764 311 1834 ferrimus
329 1757 455 1828 bellum,
478 1760 642 1836 infestisque
665 1761 966 1835 signis‘descendImus

179 1841 209 1905 in
225 1836 339 1895 Italiam
351 1857 361 1908 ,¹
387 1836 464 1897 tanto
475 1838 608 1895 auclacius
618 1839 776 1923 fortiusque
787 1843 945 1916 pugnaturi
953 1883 963 1913 ,

178 1917 283 1998 qnontd
303 1915 392 1995 major
409 1935 498 1993 spes,
525 1918 616 1994 major
634 1928 678 1976 est
697 1920 807 1976 animus
819 1921 966 1989 inserentis

176 2000 232 2060 sim
253 1994 335 2078 qudm
356 1997 486 2054 arcentis.
505 1994 640 2054 Accendit
659 1997 792 2077 pratered
807 2002 917 2059 unicitas
936 2011 965 2060 ot

177 2075 309 2137 stimulat
330 2075 432 2149 dolor,
457 2078 580 2156 injuria,
600 2079 765 2158 indignitas.
785 2077 831 2138 Ad
848 2079 965 2160 suppIu’·

168 2163 251 2218 cium
271 2162 487 2238 depoposcerunt
509 2178 554 2217 me
573 2161 669 2218 ducem
692 2161 836 2239 primum,
862 2157 964 2220 deind&

176 2261 225 2299 sos
236 2259 350 2310 omnes,
366 2241 414 2318 qui
429 2236 585 2321 Saguntum
595 2243 810 2319 oppugnassent
823 2263 835 2297 r
850 2242 963 2301 deditos

176 2319 286 2385 ultimis
297 2315 464 2378 cruciatibus
479 2317 607 2391 affecturi
614 2323 743 2389 fuerunt.

218 2397 303 2463 XIV.
337 2396 536 2457 Crudelissr'ma
569 2411 604 2453 a'c
617 2426 620 2432 ·
633 2395 828 2474 superbissima
855 2412 927 2470 gens
952 2440 962 2469 ,

165 2500 228 2540 ¹sua
244 2480 335 2538 omnia
355 2482 451 2557 suique
467 2475 579 2542 arbitrii
585 2476 676 2556 facit.
695 2472 766 2537 Cum
780 2470 879 2554 quibus
897 2471 961 2543 bol.
999 2496 1001 2500 ·

178 2560 258 2631 Iuno,
289 2575 357 2618 cum‘
369 2555 468 2639 quibus
485 2576 583 2637 pacem
602 2553 772 2634 habeamus,
786 2561 829 2614 ¹se
846 2556 958 2614 modum

176 2643 316 2716 imponere
341 2633 448 2716 aquum
481 2649 575 2699 censet
600 2633 836 2715 :circumscribit
869 2632 959 2695 inclu-

162 2720 271 2794 ditque
298 2759 306 2787 ‚
342 2738 392 2773 nos
420 2721 547 2786 terminis
577 2719 711 2789 montinum
726 2716 958 2791 fluminumque,

174 2814 243 2874 quos
258 2815 291 2851 no
314 2799 489 2856 excedamus·
506 2819 517 2854 r
541 2818 628 2876 nsque
646 2818 693 2855 eos
715 2837 724 2866 ,
744 2795 812 2873 quos
828 2796 931 2851 statuit
949 2839 959 2869 ,

159 2875 308 2935 terminos
332 2870 469 2932 observat.
506 2875 550 2933 Ne
578 2876 722 2932 transieris
749 2870 859 2928 Iberum
887 2892 896 2927 ,·
923 2895 960 2935 ne

97 2970 105 2984 ²
160 2954 242 3048 ‘quid
258 2953 298 3010 rei
317 2949 369 3008 tibi
380 2953 419 3008 sit
436 2971 500 3018 cum
520 2953 695 3031 Saguntinis.
716 2949 762 3011 Aa
779 2947 888 3008 Iberum
913 2967 960 3015 est

208 3101 224 3152 o
247 3099 257 3169 (
278 3097 395 3169 Equites
415 3091 546 3175 sconmos
580 3095 958 3166 infrenatisutehantur.fflnc

174 3179 203 3224 ot
218 3164 385 3238 infrenatos)
408 3163 546 3226 numida,
580 3166 650 3232 opud
673 3162 812 3238 Virgilium
832 3168 958 3230 Numida

194 3234 222 3284 ni
244 3234 349 3301 plurimi
370 3233 402 3282 In
430 3231 547 3300 equitatu
580 3232 687 3295 iunoni,

174 3251 314 3367 annibalis
342 3311 441 3368 esent,
473 3299 546 3379 equit
616 3340 618 3344 ·
