2016 3780
317 242 607 345 Nnnnlnto
656 275 714 346 ll.
887 303 910 369 7

123 378 204 463 quod
227 380 261 441 in
281 379 412 440 sinistris
438 380 573 441 manibus
594 392 695 454 esset,
718 375 774 460 (6)
796 379 910 443 directo

122 483 204 523 arms
224 461 334 541 petisse
355 461 483 521 dicant:
511 471 541 520 et
563 460 666 522 fraude
686 460 779 524 visam
801 480 911 542 agere,

123 543 177 603 sui
197 538 296 621 ipsam
314 553 502 625 peremptam
526 542 673 606 mercede.

162 656 230 723 Vll.
255 656 391 718 Tenutre
410 660 462 737 (7)
483 668 583 718 tamen
604 677 703 720 arcem
719 657 822 718 Sabini
840 678 847 718 ε
864 668 911 719 at·

121 758 178 818 que
194 736 263 796 inde
279 737 399 821 posteri
420 737 490 809 die,
510 739 578 800 cium
595 738 744 800 Romanus
759 740 911 801 exercitus

120 818 638 899 instructus‚⁸quodinterPalatinum
648 820 911 901 Capitolinumque

121 899 233 960 collem
246 901 346 981 campi
363 912 426 975 est,
451 896 652 983 complesset3
670 919 727 960 non
742 901 828 982 prinis
844 901 911 960 des·-

107 981 281 1067 ‘cenderunt
304 983 493 1061 inaquam,
517 983 605 1060 quim
628 981 673 1040 ira
695 992 726 1041 et
750 980 914 1065 cupiditate

121 1080 191 1122 recu
214 1061 334 1122 erandae
349 1063 425 1122 arcis
438 1063 611 1123 stimulante
628 1062 739 1127 animos
754 1063 785 1121 in
806 1061 912 1124 adver-

122 1160 186 1202 sum
193 1083 317 1207 Romani
331 1143 457 1202 subitae.
470 1144 772 1224 Principesutrinque
782 1159 913 1222 pugnam

122 1222 242 1282 ciebant
256 1245 262 1281 :
280 1222 317 1283 ab
334 1223 450 1284 Sabinis
462 1224 585 1284 Mattius
599 1222 721 1285 Curtius
734 1267 743 1296 ,
756 1221 791 1282 ab
804 1222 914 1283 Roma·

122 1307 168 1362 ni's
188 1304 296 1363 llostus
311 1304 476 1369 Hostilius:
490 1306 541 1366 hic
553 1324 616 1365 rem
630 1304 791 1367 Romanam
807 1303 913 1386 iniquo

121 1382 189 1444 loco
204 1385 239 1445 ad
256 1385 352 1467 prima
374 1386 458 1464 signa
476 1386 682 1467 animo⁴atque
704 1383 826 1445 audaciai
845 1404 914 1446 sus·

122 1464 244 1524 tinebat.
269 1466 309 1529 Ut
327 1466 434 1526 llastus
449 1466 585 1541 cecidit,
605 1466 765 1527 confestim
779 1465 913 1526 Romana

122 1545 286 1604 inclinatur
304 1548 384 1604 acies
401 1567 407 1604 :
426 1546 549 1626 fusaque
569 1547 671 1607 estad
693 1558 824 1607 veterem
841 1566 912 1625 por-

122 1637 183 1686 tam
201 1624 319 1683 Palatii.
347 1623 492 1685 Romulus
505 1639 535 1684 et
548 1629 613 1705 ipse
629 1627 712 1686 turbi
732 1626 914 1705 fugientium

123 1716 225 1775 actus,
245 1724 324 1764 arma
341 1703 374 1762 ad
392 1703 500 1763 caelum
514 1704 621 1764 tollens
641 1728 653 1764 -ε
675 1705 807 1785 Jupiter,
832 1711 913 1781 tuis,

125 1785 245 1864 inquit,
267 1788 363 1866 jussus
378 1783 475 1844 auibus
494 1784 539 1844 tta
555 1787 583 1843 in
600 1784 735 1847 Palatina
746 1789 839 1867 prima
852 1787 916 1848 urbi

117 1869 305 1940 fundamenta
328 1866 412 1943 jaci;
445 1886 538 1926 arcem
564 1866 625 1947 jum
657 1866 763 1927 scelere
790 1881 916 1950 emptam

125 1945 223 2008 Sabini
242 1944 368 2021 babeam
389 1948 454 2007 inde
476 1946 529 2006 huc
550 1952 656 2007 armati
671 1949 804 2029 superati
818 1949 915 2011 melliti

121 2026 199 2089 ualle
212 2030 339 2087 tenatur.
364 2027 405 2086 Aa
419 2039 471 2102 tu,
492 2029 675 2088 Paternum
693 2030 914 2111 hominumque,

123 2108 186 2168 linc
198 2106 299 2168 saltem
311 2128 376 2166 arce
387 2108 505 2169 nastes:
521 2115 600 2168 deme
617 2121 752 2170 terrorem
767 2112 918 2186 Romanis‚'

118 2191 277 2268 fugamque
302 2192 408 2258 faulam
433 2194 513 2250 siste.
546 2188 601 2247 Hic
624 2190 750 2268 egotibi
774 2190 913 2271 templum

125 2267 235 2328 Statori
261 2266 342 2337 lani,
370 2271 443 2346 quod
467 2283 675 2327 monumentum
700 2274 739 2329 sit
766 2275 913 2349 posteris,

125 2348 175 2411 tut
188 2352 323 2429 prasenti
342 2368 393 2427 ape
408 2360 547 2408 seruatam
564 2346 660 2407 urbem
681 2368 761 2422 esse,
782 2372 873 2411 uoueo.

162 2460 248 2530 Vlll.
266 2462 341 2523 ttaec
354 2475 520 2544 praecatus,
537 2462 630 2524 veluti
642 2465 782 2526 senuisset
794 2463 917 2529 auditas

126 2563 250 2627 preces,
272 2544 355 2616 linc,
376 2544 492 2627 inquit,
513 2547 650 2618 Romani,
663 2545 775 2627 Jupiter
789 2550 913 2627 optimus

125 2629 271 2689 maximus
287 2628 437 2700 resistere,
459 2638 545 2707 atque
562 2627 666 2685 iterare
679 2648 804 2706 pugnum
819 2626 917 2705 juben·
952 2627 956 2634 ’

126 2704 276 2766 Restittre
288 2702 433 2780 Romani,
454 2719 592 2784 tanquam
604 2704 718 2767 aoelesti
732 2726 803 2768 voce
818 2708 915 2785 'ussig

24 2862 28 2867 Ι
126 2787 138 2847 i
160 2804 192 2847 ss
218 2784 253 2846 ad
277 2786 421 2864 primores
448 2785 590 2847 Romulus
616 2789 761 2868 prouolat.
822 2789 914 2853 attius

153 2867 247 2926 urtius
269 2866 305 2925 ab
326 2866 443 2927 Sabinis
463 2870 601 2948 princeps
624 2869 661 2930 ab
680 2889 747 2929 arce
767 2867 914 2931 decucur-

125 2959 227 3021 rerat,
252 2956 282 3005 et
302 2945 416 3007 effusos
435 2960 537 3028 egerat
551 2948 721 3024 Romanos,
735 2961 802 3010 toto
818 2971 914 3032 quan·

134 3170 138 3177 Ι
159 3106 349 3175 6(Direata)
363 3108 502 3175 Expressit
569 3128 584 3176 7
602 3111 741 3176 (Tamen)
766 3110 850 3179 Quasi
870 3110 911 3163 tli-

125 3175 212 3229 verbis
234 3174 445 3256 scutapetisss,
472 3178 500 3231 id
534 3171 598 3231 cit:
615 3179 743 3258 quidquid
757 3180 913 3229 existiman-

123 3242 502 3378 {Rittilltts‘ltitt}
534 3241 913 3383 litittitlttlliltttll

125 3378 274 3433 mercedum
282 3378 444 3449 proditionis
460 3396 503 3435 te·
534 3379 604 3433 certe
617 3392 723 3433 constat
740 3378 857 3439 annuus
870 3394 913 3433 ar·
989 3436 992 3443 ,

128 3452 256 3509 anuuit.
310 3504 315 3515 ,
534 3461 595 3503 cem
606 3444 730 3505 Sabinos.

725 3527 788 3600 Al
