<?xml version="1.0" encoding="UTF-8"?>
<!DOCTYPE html PUBLIC "-//W3C//DTD XHTML 1.0 Transitional//EN"
    "http://www.w3.org/TR/xhtml1/DTD/xhtml1-transitional.dtd">
<html xmlns="http://www.w3.org/1999/xhtml" xml:lang="en" lang="en">
 <head>
  <title>
</title>
<meta http-equiv="Content-Type" content="text/html;charset=utf-8" />
  <meta name='ocr-system' content='tesseract 3.04.00' />
  <meta name='ocr-capabilities' content='ocr_page ocr_carea ocr_par ocr_line ocrx_word'/>
</head>
<body>
  <div class='ocr_page' id='page_1' title='image "./selectaetitoliv00livygoog_0166.png"; bbox 0 0 2016 3780; ppageno 0'>
   <div class='ocr_carea' id='block_1_1' title="bbox 201 110 869 232">
    <p class='ocr_par' dir='ltr' id='par_1_1' title="bbox 201 110 869 232">
     <span class='ocr_line' id='line_1_1' title="bbox 201 110 869 232; baseline 0.007 -27"><span class='ocrx_word' id='word_1_1' title='bbox 201 110 508 207; x_wconf 56' lang='lat' dir='ltr'>&#39;stasim</span> <span class='ocrx_word' id='word_1_2' title='bbox 554 135 710 207; x_wconf 83' lang='lat' dir='ltr'><strong>xxx.</strong></span> <span class='ocrx_word' id='word_1_3' title='bbox 806 147 869 232; x_wconf 65' lang='lat' dir='ltr'>ts,</span> 
     </span>
    </p>
   </div>
   <div class='ocr_carea' id='block_1_2' title="bbox 80 237 872 1223">
    <p class='ocr_par' dir='ltr' id='par_1_2' title="bbox 80 237 872 801">
     <span class='ocr_line' id='line_1_2' title="bbox 80 237 869 319; baseline -0.01 -10"><span class='ocrx_word' id='word_1_4' title='bbox 80 261 167 309; x_wconf 77' lang='lat' dir='ltr'>cursu</span> <span class='ocrx_word' id='word_1_5' title='bbox 195 238 224 299; x_wconf 87' lang='lat' dir='ltr'>in</span> <span class='ocrx_word' id='word_1_6' title='bbox 247 240 363 300; x_wconf 85' lang='lat' dir='ltr'>hostem</span> <span class='ocrx_word' id='word_1_7' title='bbox 386 237 530 298; x_wconf 83' lang='lat' dir='ltr'>feruntur.</span> <span class='ocrx_word' id='word_1_8' title='bbox 554 238 639 298; x_wconf 83' lang='lat' dir='ltr'>Nilril</span> <span class='ocrx_word' id='word_1_9' title='bbox 660 237 723 299; x_wconf 93' lang='lat' dir='ltr'>illic</span> <span class='ocrx_word' id='word_1_10' title='bbox 740 239 869 319; x_wconf 85' lang='lat' dir='ltr'>impera-</span> 
     </span>
     <span class='ocr_line' id='line_1_3' title="bbox 80 317 870 396; baseline -0.005 -12"><span class='ocrx_word' id='word_1_11' title='bbox 80 327 166 384; x_wconf 81' lang='lat' dir='ltr'>toriae</span> <span class='ocrx_word' id='word_1_12' title='bbox 181 321 253 380; x_wconf 83' lang='lat' dir='ltr'>artis</span> <span class='ocrx_word' id='word_1_13' title='bbox 271 365 280 393; x_wconf 93' lang='lat'>,</span> <span class='ocrx_word' id='word_1_14' title='bbox 297 317 462 378; x_wconf 84' lang='lat' dir='ltr'>ordinibus</span> <span class='ocrx_word' id='word_1_15' title='bbox 480 330 529 377; x_wconf 86' lang='lat' dir='ltr'>aut</span> <span class='ocrx_word' id='word_1_16' title='bbox 551 317 692 378; x_wconf 85' lang='lat' dir='ltr'>subsidiis</span> <span class='ocrx_word' id='word_1_17' title='bbox 716 319 870 396; x_wconf 82' lang='lat' dir='ltr'><strong>locandis,</strong></span> 
     </span>
     <span class='ocr_line' id='line_1_4' title="bbox 80 398 872 480; baseline -0.004 -16"><span class='ocrx_word' id='word_1_18' title='bbox 80 402 161 464; x_wconf 86' lang='lat' dir='ltr'>fuit:</span> <span class='ocrx_word' id='word_1_19' title='bbox 181 399 283 460; x_wconf 85' lang='lat' dir='ltr'>omnia</span> <span class='ocrx_word' id='word_1_20' title='bbox 303 400 346 459; x_wconf 89' lang='lat' dir='ltr'>ira</span> <span class='ocrx_word' id='word_1_21' title='bbox 365 398 504 457; x_wconf 85' lang='lat' dir='ltr'>militaris</span> <span class='ocrx_word' id='word_1_22' title='bbox 519 399 614 478; x_wconf 77' lang='lat' dir='ltr'>prope</span> <span class='ocrx_word' id='word_1_23' title='bbox 631 417 740 459; x_wconf 88' lang='lat' dir='ltr'>vesano</span> <span class='ocrx_word' id='word_1_24' title='bbox 756 402 872 480; x_wconf 89' lang='lat' dir='ltr'>impetu</span> 
     </span>
     <span class='ocr_line' id='line_1_5' title="bbox 83 474 872 562; baseline -0.004 -19"><span class='ocrx_word' id='word_1_25' title='bbox 83 474 280 562; x_wconf 69' lang='lat' dir='ltr'>egic&#39;ltaque</span> <span class='ocrx_word' id='word_1_26' title='bbox 294 499 352 537; x_wconf 95' lang='lat' dir='ltr'>non</span> <span class='ocrx_word' id='word_1_27' title='bbox 361 477 417 538; x_wconf 83' lang='lat' dir='ltr'>fusi</span> <span class='ocrx_word' id='word_1_28' title='bbox 430 476 522 537; x_wconf 83' lang='lat' dir='ltr'>modo</span> <span class='ocrx_word' id='word_1_29' title='bbox 531 477 630 537; x_wconf 89' lang='lat' dir='ltr'>hostes</span> <span class='ocrx_word' id='word_1_30' title='bbox 642 493 727 549; x_wconf 83' lang='lat' dir='ltr'>sunt,</span> <span class='ocrx_word' id='word_1_31' title='bbox 741 480 790 538; x_wconf 90' lang='lat' dir='ltr'>sed</span> <span class='ocrx_word' id='word_1_32' title='bbox 803 481 872 557; x_wconf 88' lang='lat' dir='ltr'>(ro)</span> 
     </span>
     <span class='ocr_line' id='line_1_6' title="bbox 83 557 872 640; baseline -0.004 -19"><span class='ocrx_word' id='word_1_33' title='bbox 83 583 122 621; x_wconf 90' lang='lat' dir='ltr'>ne</span> <span class='ocrx_word' id='word_1_34' title='bbox 146 563 249 622; x_wconf 84' lang='lat' dir='ltr'>cestris</span> <span class='ocrx_word' id='word_1_35' title='bbox 272 558 394 640; x_wconf 88' lang='lat' dir='ltr'>quidem</span> <span class='ocrx_word' id='word_1_36' title='bbox 414 560 475 618; x_wconf 87' lang='lat' dir='ltr'>suis</span> <span class='ocrx_word' id='word_1_37' title='bbox 499 557 598 635; x_wconf 83' lang='lat' dir='ltr'>lugam</span> <span class='ocrx_word' id='word_1_38' title='bbox 612 560 760 638; x_wconf 88' lang='lat' dir='ltr'>impedire</span> <span class='ocrx_word' id='word_1_39' title='bbox 781 562 872 635; x_wconf 88' lang='lat' dir='ltr'>ausi,</span> 
     </span>
     <span class='ocr_line' id='line_1_7' title="bbox 82 634 870 722; baseline -0.008 -19"><span class='ocrx_word' id='word_1_40' title='bbox 82 642 229 722; x_wconf 79' lang='lat' dir='ltr'>Apuliam·</span> <span class='ocrx_word' id='word_1_41' title='bbox 243 638 378 719; x_wconf 85' lang='lat' dir='ltr'>dissipati</span> <span class='ocrx_word' id='word_1_42' title='bbox 400 637 541 719; x_wconf 70' lang='lat' dir='ltr'>petiere:⁴</span> <span class='ocrx_word' id='word_1_43' title='bbox 566 634 722 699; x_wconf 77' lang='lat' dir='ltr'><strong>Luceriam</strong></span> <span class='ocrx_word' id='word_1_44' title='bbox 743 650 870 714; x_wconf 85' lang='lat' dir='ltr'>tamen,</span> 
     </span>
     <span class='ocr_line' id='line_1_8' title="bbox 82 717 869 801; baseline 0 -19"><span class='ocrx_word' id='word_1_45' title='bbox 82 732 186 783; x_wconf 87' lang='lat' dir='ltr'>coacto</span> <span class='ocrx_word' id='word_1_46' title='bbox 203 721 303 779; x_wconf 78' lang='lat' dir='ltr'>rursus</span> <span class='ocrx_word' id='word_1_47' title='bbox 318 720 350 777; x_wconf 89' lang='lat' dir='ltr'>in</span> <span class='ocrx_word' id='word_1_48' title='bbox 365 738 454 778; x_wconf 91' lang='lat' dir='ltr'>unum</span> <span class='ocrx_word' id='word_1_49' title='bbox 470 717 606 796; x_wconf 80' lang='lat' dir='ltr'>agmine,</span> <span class='ocrx_word' id='word_1_50' title='bbox 626 729 671 778; x_wconf 89' lang='lat' dir='ltr'>est</span> <span class='ocrx_word' id='word_1_51' title='bbox 684 731 869 801; x_wconf 80' lang='lat' dir='ltr'>perventum.</span> 
     </span>
    </p>

    <p class='ocr_par' dir='ltr' id='par_1_3' title="bbox 81 805 871 1223">
     <span class='ocr_line' id='line_1_9' title="bbox 121 805 869 889; baseline 0 -17"><span class='ocrx_word' id='word_1_52' title='bbox 121 811 190 874; x_wconf 89' lang='lat' dir='ltr'>XV.</span> <span class='ocrx_word' id='word_1_53' title='bbox 213 811 360 870; x_wconf 87' lang='lat' dir='ltr'>Romanos</span> <span class='ocrx_word' id='word_1_54' title='bbox 376 810 420 868; x_wconf 87' lang='lat' dir='ltr'>ira</span> <span class='ocrx_word' id='word_1_55' title='bbox 433 805 556 882; x_wconf 67' lang='lat' dir='ltr'>eadem}</span> <span class='ocrx_word' id='word_1_56' title='bbox 579 828 643 888; x_wconf 86' lang='lat' dir='ltr'>quae</span> <span class='ocrx_word' id='word_1_57' title='bbox 661 828 714 889; x_wconf 88' lang='lat' dir='ltr'>per</span> <span class='ocrx_word' id='word_1_58' title='bbox 736 809 869 872; x_wconf 86' lang='lat' dir='ltr'>mediam</span> 
     </span>
     <span class='ocr_line' id='line_1_10' title="bbox 81 889 871 964; baseline 0.001 -12"><span class='ocrx_word' id='word_1_59' title='bbox 81 892 177 952; x_wconf 75' lang='lat' dir='ltr'>aciem</span> <span class='ocrx_word' id='word_1_60' title='bbox 191 889 322 951; x_wconf 85' lang='lat' dir='ltr'>hostium</span> <span class='ocrx_word' id='word_1_61' title='bbox 334 890 444 949; x_wconf 88' lang='lat' dir='ltr'>tulerat</span> <span class='ocrx_word' id='word_1_62' title='bbox 455 934 464 964; x_wconf 94' lang='lat'>,</span> <span class='ocrx_word' id='word_1_63' title='bbox 477 900 507 948; x_wconf 87' lang='lat' dir='ltr'>et</span> <span class='ocrx_word' id='word_1_64' title='bbox 524 889 557 946; x_wconf 91' lang='lat' dir='ltr'>in</span> <span class='ocrx_word' id='word_1_65' title='bbox 573 899 666 949; x_wconf 86' lang='lat' dir='ltr'>castra</span> <span class='ocrx_word' id='word_1_66' title='bbox 700 891 813 954; x_wconf 83' lang='lat' dir='ltr'>ertulit.</span> <span class='ocrx_word' id='word_1_67' title='bbox 822 891 871 953; x_wconf 85' lang='lat' dir='ltr'>tbi</span> 
     </span>
     <span class='ocr_line' id='line_1_11' title="bbox 81 969 871 1053; baseline 0.004 -25"><span class='ocrx_word' id='word_1_68' title='bbox 81 969 148 1053; x_wconf 87' lang='lat' dir='ltr'>plus</span> <span class='ocrx_word' id='word_1_69' title='bbox 165 972 252 1050; x_wconf 71' lang='lat' dir='ltr'>qutm</span> <span class='ocrx_word' id='word_1_70' title='bbox 269 971 300 1029; x_wconf 89' lang='lat' dir='ltr'>in</span> <span class='ocrx_word' id='word_1_71' title='bbox 322 970 386 1031; x_wconf 84' lang='lat' dir='ltr'>acie</span> <span class='ocrx_word' id='word_1_72' title='bbox 409 969 561 1049; x_wconf 88' lang='lat' dir='ltr'>sanguinis</span> <span class='ocrx_word' id='word_1_73' title='bbox 579 987 613 1029; x_wconf 90' lang='lat' dir='ltr'>ac</span> <span class='ocrx_word' id='word_1_74' title='bbox 634 987 649 1027; x_wconf 89' lang='lat' dir='ltr'>c</span> <span class='ocrx_word' id='word_1_75' title='bbox 695 970 720 1029; x_wconf 92' lang='lat' dir='ltr'>is</span> <span class='ocrx_word' id='word_1_76' title='bbox 737 970 871 1046; x_wconf 80' lang='lat' dir='ltr'>fectum,</span> 
     </span>
     <span class='ocr_line' id='line_1_12' title="bbox 82 1049 871 1132; baseline 0.005 -24"><span class='ocrx_word' id='word_1_77' title='bbox 82 1049 242 1130; x_wconf 74' lang='lat' dir='ltr'>predaeque</span> <span class='ocrx_word' id='word_1_78' title='bbox 282 1069 328 1110; x_wconf 86' lang='lat' dir='ltr'>ars</span> <span class='ocrx_word' id='word_1_79' title='bbox 351 1050 445 1132; x_wconf 85' lang='lat' dir='ltr'>major</span> <span class='ocrx_word' id='word_1_80' title='bbox 467 1049 510 1108; x_wconf 68' lang='lat' dir='ltr'>irs</span> <span class='ocrx_word' id='word_1_81' title='bbox 537 1060 685 1129; x_wconf 84' lang='lat' dir='ltr'>corrupta.</span> <span class='ocrx_word' id='word_1_82' title='bbox 708 1050 871 1115; x_wconf 70' lang='lat' dir='ltr'>Exercitus</span> 
     </span>
     <span class='ocr_line' id='line_1_13' title="bbox 82 1069 870 1223; baseline 0 -33"><span class='ocrx_word' id='word_1_83' title='bbox 82 1128 157 1190; x_wconf 87' lang='lat' dir='ltr'>alter</span> <span class='ocrx_word' id='word_1_84' title='bbox 173 1147 240 1191; x_wconf 90' lang='lat' dir='ltr'>cum</span> <span class='ocrx_word' id='word_1_85' title='bbox 259 1069 381 1211; x_wconf 64' lang='lat' dir='ltr'>lapirio</span> <span class='ocrx_word' id='word_1_86' title='bbox 401 1129 524 1189; x_wconf 91' lang='lat' dir='ltr'>consule</span> <span class='ocrx_word' id='word_1_87' title='bbox 536 1127 612 1190; x_wconf 93' lang='lat' dir='ltr'>locis</span> <span class='ocrx_word' id='word_1_88' title='bbox 628 1129 787 1223; x_wconf 78' lang='lat' dir='ltr'>maritimis</span> <span class='ocrx_word' id='word_1_89' title='bbox 799 1151 870 1212; x_wconf 85' lang='lat' dir='ltr'>per-</span> 
     </span>
    </p>
   </div>
   <div class='ocr_carea' id='block_1_3' title="bbox 81 1208 870 1374">
    <p class='ocr_par' dir='ltr' id='par_1_4' title="bbox 81 1208 870 1374">
     <span class='ocr_line' id='line_1_14' title="bbox 82 1208 870 1292; baseline 0.006 -24"><span class='ocrx_word' id='word_1_90' title='bbox 82 1211 203 1268; x_wconf 75' lang='lat' dir='ltr'>venerat</span> <span class='ocrx_word' id='word_1_91' title='bbox 217 1212 314 1291; x_wconf 76' lang='lat' dir='ltr'>Arpos</span> <span class='ocrx_word' id='word_1_92' title='bbox 329 1254 338 1284; x_wconf 95' lang='lat'>,</span> <span class='ocrx_word' id='word_1_93' title='bbox 358 1231 412 1292; x_wconf 91' lang='lat' dir='ltr'>per</span> <span class='ocrx_word' id='word_1_94' title='bbox 424 1208 523 1269; x_wconf 88' lang='lat' dir='ltr'>omnia</span> <span class='ocrx_word' id='word_1_95' title='bbox 543 1220 667 1290; x_wconf 81' lang='lat' dir='ltr'>pacata,</span> <span class='ocrx_word' id='word_1_96' title='bbox 691 1209 870 1273; x_wconf 76' lang='lat' dir='ltr'>Samnitium</span> 
     </span>
     <span class='ocr_line' id='line_1_15' title="bbox 81 1288 870 1374; baseline 0.003 -25"><span class='ocrx_word' id='word_1_97' title='bbox 81 1291 177 1367; x_wconf 85' lang='lat' dir='ltr'>magis</span> <span class='ocrx_word' id='word_1_98' title='bbox 196 1288 316 1368; x_wconf 81' lang='lat' dir='ltr'>injuriis</span> <span class='ocrx_word' id='word_1_99' title='bbox 331 1301 359 1349; x_wconf 89' lang='lat' dir='ltr'>et</span> <span class='ocrx_word' id='word_1_100' title='bbox 376 1289 468 1362; x_wconf 89' lang='lat' dir='ltr'>odio,</span> <span class='ocrx_word' id='word_1_101' title='bbox 484 1289 572 1367; x_wconf 72' lang='lat' dir='ltr'>qudm</span> <span class='ocrx_word' id='word_1_102' title='bbox 588 1288 734 1350; x_wconf 87' lang='lat' dir='ltr'>beneficio</span> <span class='ocrx_word' id='word_1_103' title='bbox 746 1289 808 1351; x_wconf 88' lang='lat' dir='ltr'>ullo</span> <span class='ocrx_word' id='word_1_104' title='bbox 818 1309 870 1374; x_wconf 90' lang='lat' dir='ltr'>po·</span> 
     </span>
    </p>
   </div>
   <div class='ocr_carea' id='block_1_4' title="bbox 82 1368 872 2008">
    <p class='ocr_par' dir='ltr' id='par_1_5' title="bbox 82 1368 872 2008">
     <span class='ocr_line' id='line_1_16' title="bbox 84 1368 870 1452; baseline 0.005 -26"><span class='ocrx_word' id='word_1_105' title='bbox 84 1371 153 1449; x_wconf 91' lang='lat' dir='ltr'>puli</span> <span class='ocrx_word' id='word_1_106' title='bbox 171 1368 306 1428; x_wconf 89' lang='lat' dir='ltr'>Romani.</span> <span class='ocrx_word' id='word_1_107' title='bbox 330 1371 406 1430; x_wconf 91' lang='lat' dir='ltr'>Nam</span> <span class='ocrx_word' id='word_1_108' title='bbox 425 1371 568 1429; x_wconf 82' lang='lat' dir='ltr'>Samnites</span> <span class='ocrx_word' id='word_1_109' title='bbox 592 1370 627 1429; x_wconf 71' lang='lat' dir='ltr'>el</span> <span class='ocrx_word' id='word_1_110' title='bbox 647 1381 821 1452; x_wconf 87' lang='lat' dir='ltr'>tempestate</span> <span class='ocrx_word' id='word_1_111' title='bbox 838 1372 870 1430; x_wconf 87' lang='lat' dir='ltr'>in</span> 
     </span>
     <span class='ocr_line' id='line_1_17' title="bbox 83 1447 870 1529; baseline 0.003 -21"><span class='ocrx_word' id='word_1_112' title='bbox 83 1448 234 1508; x_wconf 86' lang='lat' dir='ltr'>montibus</span> <span class='ocrx_word' id='word_1_113' title='bbox 261 1450 382 1506; x_wconf 89' lang='lat' dir='ltr'>vicatim</span> <span class='ocrx_word' id='word_1_114' title='bbox 410 1447 576 1515; x_wconf 71' lang='lat' dir='ltr'><strong>habitantes</strong></span> <span class='ocrx_word' id='word_1_115' title='bbox 599 1493 609 1520; x_wconf 95' lang='lat'>,</span> <span class='ocrx_word' id='word_1_116' title='bbox 641 1452 818 1529; x_wconf 68' lang='lat' dir='ltr'>campestria</span> <span class='ocrx_word' id='word_1_117' title='bbox 839 1462 870 1510; x_wconf 89' lang='lat' dir='ltr'>et</span> 
     </span>
     <span class='ocr_line' id='line_1_18' title="bbox 86 1525 872 1604; baseline 0.003 -19"><span class='ocrx_word' id='word_1_118' title='bbox 86 1527 237 1587; x_wconf 85' lang='lat' dir='ltr'>maritima</span> <span class='ocrx_word' id='word_1_119' title='bbox 250 1525 316 1587; x_wconf 85' lang='lat' dir='ltr'>loca</span> <span class='ocrx_word' id='word_1_120' title='bbox 327 1570 344 1604; x_wconf 31' lang='grc' dir='ltr'>,Ι</span> <span class='ocrx_word' id='word_1_121' title='bbox 361 1536 535 1604; x_wconf 85' lang='lat' dir='ltr'>contempto</span> <span class='ocrx_word' id='word_1_122' title='bbox 551 1528 696 1586; x_wconf 85' lang='lat' dir='ltr'>cultorum</span> <span class='ocrx_word' id='word_1_123' title='bbox 712 1530 872 1602; x_wconf 81' lang='lat' dir='ltr'><strong>molliore,</strong></span> 
     </span>
     <span class='ocr_line' id='line_1_19' title="bbox 83 1604 871 1689; baseline 0.003 -23"><span class='ocrx_word' id='word_1_124' title='bbox 83 1617 172 1684; x_wconf 89' lang='lat' dir='ltr'>atque</span> <span class='ocrx_word' id='word_1_125' title='bbox 186 1652 195 1681; x_wconf 91' lang='lat'>,</span> <span class='ocrx_word' id='word_1_126' title='bbox 219 1617 252 1666; x_wconf 86' lang='lat' dir='ltr'>ut</span> <span class='ocrx_word' id='word_1_127' title='bbox 261 1605 362 1675; x_wconf 81' lang='lat' dir='ltr'>evenit</span> <span class='ocrx_word' id='word_1_128' title='bbox 375 1604 459 1678; x_wconf 79' lang='lat' dir='ltr'>lere,</span> <span class='ocrx_word' id='word_1_129' title='bbox 481 1605 543 1666; x_wconf 94' lang='lat' dir='ltr'>loci</span> <span class='ocrx_word' id='word_1_130' title='bbox 557 1604 646 1665; x_wconf 82' lang='lat' dir='ltr'><strong>simili</strong></span> <span class='ocrx_word' id='word_1_131' title='bbox 659 1627 789 1683; x_wconf 80' lang='lat' dir='ltr'>genere,</span> <span class='ocrx_word' id='word_1_132' title='bbox 808 1611 871 1689; x_wconf 87' lang='lat' dir='ltr'>ipsi</span> 
     </span>
     <span class='ocr_line' id='line_1_20' title="bbox 82 1683 872 1768; baseline 0.005 -22"><span class='ocrx_word' id='word_1_133' title='bbox 82 1687 216 1746; x_wconf 85' lang='lat' dir='ltr'>montani</span> <span class='ocrx_word' id='word_1_134' title='bbox 238 1697 327 1766; x_wconf 83' lang='lat' dir='ltr'>atqua</span> <span class='ocrx_word' id='word_1_135' title='bbox 352 1697 480 1764; x_wconf 72' lang='lat' dir='ltr'>agrestes</span> <span class='ocrx_word' id='word_1_136' title='bbox 506 1683 772 1766; x_wconf 75' lang='lat' dir='ltr'>depopulabantur.</span> <span class='ocrx_word' id='word_1_137' title='bbox 796 1689 872 1768; x_wconf 83' lang='lat' dir='ltr'>Quae</span> 
     </span>
     <span class='ocr_line' id='line_1_21' title="bbox 82 1765 869 1848; baseline 0.004 -22"><span class='ocrx_word' id='word_1_138' title='bbox 82 1767 168 1845; x_wconf 83' lang='lat' dir='ltr'>regio</span> <span class='ocrx_word' id='word_1_139' title='bbox 187 1767 212 1828; x_wconf 91' lang='lat' dir='ltr'>si</span> <span class='ocrx_word' id='word_1_140' title='bbox 228 1765 287 1828; x_wconf 81' lang='lat' dir='ltr'>fida</span> <span class='ocrx_word' id='word_1_141' title='bbox 301 1767 483 1828; x_wconf 88' lang='lat' dir='ltr'>Samnitibus</span> <span class='ocrx_word' id='word_1_142' title='bbox 497 1765 624 1838; x_wconf 86' lang='lat' dir='ltr'>fuisset,</span> <span class='ocrx_word' id='word_1_143' title='bbox 645 1776 696 1826; x_wconf 89' lang='lat' dir='ltr'>aut</span> <span class='ocrx_word' id='word_1_144' title='bbox 714 1770 869 1848; x_wconf 85' lang='lat' dir='ltr'>pervenire</span> 
     </span>
     <span class='ocr_line' id='line_1_22' title="bbox 82 1844 870 1927; baseline 0.003 -19"><span class='ocrx_word' id='word_1_145' title='bbox 82 1851 180 1927; x_wconf 81' lang='lat' dir='ltr'>Arpos</span> <span class='ocrx_word' id='word_1_146' title='bbox 200 1844 348 1910; x_wconf 77' lang='lat' dir='ltr'>exercitus</span> <span class='ocrx_word' id='word_1_147' title='bbox 371 1847 520 1907; x_wconf 86' lang='lat' dir='ltr'>Romanus</span> <span class='ocrx_word' id='word_1_148' title='bbox 541 1848 722 1926; x_wconf 87' lang='lat' dir='ltr'>nequisset(</span> <span class='ocrx_word' id='word_1_149' title='bbox 739 1866 769 1905; x_wconf 84' lang='lat' dir='ltr'>rr</span> <span class='ocrx_word' id='word_1_150' title='bbox 787 1851 799 1923; x_wconf 92' lang='lat'><em>)</em></span> <span class='ocrx_word' id='word_1_151' title='bbox 819 1859 870 1910; x_wconf 88' lang='lat' dir='ltr'>aut</span> 
     </span>
     <span class='ocr_line' id='line_1_23' title="bbox 85 1927 870 2008; baseline 0.006 -24"><span class='ocrx_word' id='word_1_152' title='bbox 85 1927 332 2006; x_wconf 72' lang='lat' dir='ltr'>interjectainter</span> <span class='ocrx_word' id='word_1_153' title='bbox 349 1927 473 1988; x_wconf 83' lang='lat' dir='ltr'>Romam</span> <span class='ocrx_word' id='word_1_154' title='bbox 487 1938 517 1986; x_wconf 92' lang='lat' dir='ltr'>et</span> <span class='ocrx_word' id='word_1_155' title='bbox 532 1928 628 2006; x_wconf 80' lang='lat' dir='ltr'>Arpos</span> <span class='ocrx_word' id='word_1_156' title='bbox 646 1971 656 2001; x_wconf 91' lang='lat'>,</span> <span class='ocrx_word' id='word_1_157' title='bbox 682 1928 804 2008; x_wconf 79' lang='lat' dir='ltr'>penurid</span> <span class='ocrx_word' id='word_1_158' title='bbox 819 1949 870 1988; x_wconf 91' lang='lat' dir='ltr'>re-</span> 
     </span>
    </p>
   </div>
   <div class='ocr_carea' id='block_1_5' title="bbox 81 2007 869 2159">
    <p class='ocr_par' dir='ltr' id='par_1_6' title="bbox 81 2007 869 2159">
     <span class='ocr_line' id='line_1_24' title="bbox 81 2007 869 2085; baseline 0.009 -23"><span class='ocrx_word' id='word_1_159' title='bbox 81 2024 148 2062; x_wconf 89' lang='lat' dir='ltr'>rum</span> <span class='ocrx_word' id='word_1_160' title='bbox 173 2009 307 2067; x_wconf 90' lang='lat' dir='ltr'>omnium</span> <span class='ocrx_word' id='word_1_161' title='bbox 331 2052 340 2081; x_wconf 92' lang='lat'>,</span> <span class='ocrx_word' id='word_1_162' title='bbox 373 2009 510 2066; x_wconf 81' lang='lat' dir='ltr'>exclusos</span> <span class='ocrx_word' id='word_1_163' title='bbox 537 2007 553 2066; x_wconf 70' lang='lat' dir='ltr'>a</span> <span class='ocrx_word' id='word_1_164' title='bbox 576 2007 793 2085; x_wconf 81' lang='lat' dir='ltr'>commeatibus</span> <span class='ocrx_word' id='word_1_165' title='bbox 817 2009 869 2069; x_wconf 86' lang='lat' dir='ltr'>ab·</span> 
     </span>
     <span class='ocr_line' id='line_1_25' title="bbox 85 2085 347 2159; baseline 0.008 -19"><span class='ocrx_word' id='word_1_166' title='bbox 85 2085 268 2159; x_wconf 87' lang='lat' dir='ltr'>sumpsisset.</span> <span class='ocrx_word' id='word_1_167' title='bbox 345 2090 347 2093; x_wconf 81' lang='grc'><strong>’</strong></span> 
     </span>
    </p>
   </div>
   <div class='ocr_carea' id='block_1_6' title="bbox 82 2164 871 2572">
    <p class='ocr_par' dir='ltr' id='par_1_7' title="bbox 82 2164 871 2572">
     <span class='ocr_line' id='line_1_26' title="bbox 104 2164 871 2253; baseline 0.004 -21"><span class='ocrx_word' id='word_1_168' title='bbox 104 2164 209 2236; x_wconf 58' lang='grc' dir='ltr'>’ΧΠ</span> <span class='ocrx_word' id='word_1_169' title='bbox 227 2172 305 2232; x_wconf 88' lang='lat' dir='ltr'>Turn</span> <span class='ocrx_word' id='word_1_170' title='bbox 324 2185 441 2250; x_wconf 89' lang='lat' dir='ltr'>quoque</span> <span class='ocrx_word' id='word_1_171' title='bbox 460 2171 610 2253; x_wconf 83' lang='lat' dir='ltr'>profectos</span> <span class='ocrx_word' id='word_1_172' title='bbox 631 2171 700 2230; x_wconf 78' lang='lat' dir='ltr'>inde</span> <span class='ocrx_word' id='word_1_173' title='bbox 719 2173 754 2232; x_wconf 86' lang='lat' dir='ltr'>ad</span> <span class='ocrx_word' id='word_1_174' title='bbox 773 2173 871 2234; x_wconf 88' lang='lat' dir='ltr'>Luce-</span> 
     </span>
     <span class='ocr_line' id='line_1_27' title="bbox 83 2249 871 2332; baseline 0.005 -21"><span class='ocrx_word' id='word_1_175' title='bbox 83 2251 157 2312; x_wconf 83' lang='lat' dir='ltr'>riam</span> <span class='ocrx_word' id='word_1_176' title='bbox 170 2250 253 2328; x_wconf 77' lang='lat' dir='ltr'>juxtl</span> <span class='ocrx_word' id='word_1_177' title='bbox 269 2251 438 2311; x_wconf 84' lang='lat' dir='ltr'>obsidentes</span> <span class='ocrx_word' id='word_1_178' title='bbox 454 2251 647 2332; x_wconf 88' lang='lat' dir='ltr'>obsessosque</span> <span class='ocrx_word' id='word_1_179' title='bbox 662 2252 763 2332; x_wconf 84' lang='lat' dir='ltr'>inopia</span> <span class='ocrx_word' id='word_1_180' title='bbox 783 2249 871 2315; x_wconf 70' lang='lat' dir='ltr'>rexe-</span> 
     </span>
     <span class='ocr_line' id='line_1_28' title="bbox 83 2330 869 2412; baseline 0.006 -23"><span class='ocrx_word' id='word_1_181' title='bbox 83 2332 136 2392; x_wconf 83' lang='lat' dir='ltr'>vit.</span> <span class='ocrx_word' id='word_1_182' title='bbox 149 2332 261 2393; x_wconf 87' lang='lat' dir='ltr'>Omnia</span> <span class='ocrx_word' id='word_1_183' title='bbox 276 2332 314 2396; x_wconf 84' lang='lat' dir='ltr'>ab</span> <span class='ocrx_word' id='word_1_184' title='bbox 329 2331 418 2411; x_wconf 80' lang='lat' dir='ltr'>Arpis</span> <span class='ocrx_word' id='word_1_185' title='bbox 434 2331 574 2392; x_wconf 83' lang='lat' dir='ltr'>Romanis</span> <span class='ocrx_word' id='word_1_186' title='bbox 586 2330 869 2412; x_wconf 85' lang='lat' dir='ltr'>suppeditabantur:</span> 
     </span>
     <span class='ocr_line' id='line_1_29' title="bbox 82 2411 869 2494; baseline 0.005 -23"><span class='ocrx_word' id='word_1_187' title='bbox 82 2413 214 2471; x_wconf 78' lang='lat' dir='ltr'>ceterum</span> <span class='ocrx_word' id='word_1_188' title='bbox 229 2411 301 2472; x_wconf 85' lang='lat' dir='ltr'>adeb</span> <span class='ocrx_word' id='word_1_189' title='bbox 324 2411 458 2491; x_wconf 76' lang='lat' dir='ltr'>exigue,</span> <span class='ocrx_word' id='word_1_190' title='bbox 489 2421 521 2471; x_wconf 92' lang='lat' dir='ltr'>ut</span> <span class='ocrx_word' id='word_1_191' title='bbox 532 2411 623 2470; x_wconf 90' lang='lat' dir='ltr'>militi</span> <span class='ocrx_word' id='word_1_192' title='bbox 637 2424 783 2494; x_wconf 85' lang='lat' dir='ltr'>occupato</span> <span class='ocrx_word' id='word_1_193' title='bbox 807 2426 869 2475; x_wconf 85' lang='lat' dir='ltr'>sta·</span> 
     </span>
     <span class='ocr_line' id='line_1_30' title="bbox 84 2491 869 2572; baseline 0.01 -24"><span class='ocrx_word' id='word_1_194' title='bbox 84 2491 218 2550; x_wconf 89' lang='lat' dir='ltr'>tionibus</span> <span class='ocrx_word' id='word_1_195' title='bbox 236 2492 409 2572; x_wconf 86' lang='lat' dir='ltr'>vigiliisque</span> <span class='ocrx_word' id='word_1_196' title='bbox 429 2502 459 2550; x_wconf 88' lang='lat' dir='ltr'>et</span> <span class='ocrx_word' id='word_1_197' title='bbox 479 2511 593 2572; x_wconf 90' lang='lat' dir='ltr'>opere,</span> <span class='ocrx_word' id='word_1_198' title='bbox 619 2512 709 2572; x_wconf 88' lang='lat' dir='ltr'>eques</span> <span class='ocrx_word' id='word_1_199' title='bbox 726 2493 869 2556; x_wconf 82' lang='lat' dir='ltr'>folliculis</span> 
     </span>
    </p>
   </div>
   <div class='ocr_carea' id='block_1_7' title="bbox 42 2571 961 2651">
    <p class='ocr_par' dir='ltr' id='par_1_8' title="bbox 42 2571 961 2651">
     <span class='ocr_line' id='line_1_31' title="bbox 42 2571 961 2651; baseline 0.009 -24"><span class='ocrx_word' id='word_1_200' title='bbox 42 2603 45 2607; x_wconf 93' lang='lat'>·</span> <span class='ocrx_word' id='word_1_201' title='bbox 84 2571 115 2627; x_wconf 91' lang='lat' dir='ltr'>in</span> <span class='ocrx_word' id='word_1_202' title='bbox 137 2582 232 2630; x_wconf 84' lang='lat' dir='ltr'>eastra</span> <span class='ocrx_word' id='word_1_203' title='bbox 251 2574 286 2630; x_wconf 83' lang='lat' dir='ltr'>ab</span> <span class='ocrx_word' id='word_1_204' title='bbox 299 2574 389 2651; x_wconf 87' lang='lat' dir='ltr'>Arpis</span> <span class='ocrx_word' id='word_1_205' title='bbox 406 2571 584 2632; x_wconf 85' lang='lat' dir='ltr'>frumentum</span> <span class='ocrx_word' id='word_1_206' title='bbox 599 2572 743 2646; x_wconf 83' lang='lat' dir='ltr'>veheret3</span> <span class='ocrx_word' id='word_1_207' title='bbox 772 2576 869 2634; x_wconf 89' lang='lat' dir='ltr'>inter·</span> <span class='ocrx_word' id='word_1_208' title='bbox 958 2619 961 2626; x_wconf 81' lang='lat'>-</span> 
     </span>
    </p>
   </div>
   <div class='ocr_carea' id='block_1_8' title="bbox 81 2648 868 2816">
    <p class='ocr_par' dir='ltr' id='par_1_9' title="bbox 81 2648 868 2816">
     <span class='ocr_line' id='line_1_32' title="bbox 83 2648 867 2734; baseline 0.011 -26"><span class='ocrx_word' id='word_1_209' title='bbox 83 2648 154 2708; x_wconf 89' lang='lat' dir='ltr'>dum</span> <span class='ocrx_word' id='word_1_210' title='bbox 173 2668 296 2710; x_wconf 87' lang='lat' dir='ltr'>occursu</span> <span class='ocrx_word' id='word_1_211' title='bbox 318 2651 448 2711; x_wconf 84' lang='lat' dir='ltr'>hostium</span> <span class='ocrx_word' id='word_1_212' title='bbox 469 2663 626 2730; x_wconf 87' lang='lat' dir='ltr'>cogeretur</span> <span class='ocrx_word' id='word_1_213' title='bbox 652 2696 661 2726; x_wconf 96' lang='lat'>,</span> <span class='ocrx_word' id='word_1_214' title='bbox 688 2652 809 2734; x_wconf 85' lang='lat' dir='ltr'>abjecto·</span> <span class='ocrx_word' id='word_1_215' title='bbox 827 2675 867 2717; x_wconf 78' lang='lat' dir='ltr'>ex</span> 
     </span>
     <span class='ocr_line' id='line_1_33' title="bbox 81 2729 868 2816; baseline 0.009 -25"><span class='ocrx_word' id='word_1_216' title='bbox 81 2749 159 2810; x_wconf 89' lang='lat' dir='ltr'>equo</span> <span class='ocrx_word' id='word_1_217' title='bbox 174 2729 348 2806; x_wconf 66' lang='lat' dir='ltr'>humente,</span> <span class='ocrx_word' id='word_1_218' title='bbox 370 2749 511 2812; x_wconf 84' lang='lat' dir='ltr'>pugnare.</span> <span class='ocrx_word' id='word_1_219' title='bbox 536 2732 575 2793; x_wconf 87' lang='lat' dir='ltr'>Et</span> <span class='ocrx_word' id='word_1_220' title='bbox 595 2732 748 2808; x_wconf 80' lang='lat' dir='ltr'>obsessis,</span> <span class='ocrx_word' id='word_1_221' title='bbox 770 2734 868 2816; x_wconf 87' lang='lat' dir='ltr'>prius·</span> 
     </span>
    </p>
   </div>
   <div class='ocr_carea' id='block_1_9' title="bbox 81 2887 926 3365">
    <p class='ocr_par' dir='ltr' id='par_1_10' title="bbox 81 2887 926 3365">
     <span class='ocr_line' id='line_1_34' title="bbox 89 2887 866 2958; baseline 0.009 -21"><span class='ocrx_word' id='word_1_222' title='bbox 89 2893 94 2898; x_wconf 84' lang='grc'><strong>“</strong></span> <span class='ocrx_word' id='word_1_223' title='bbox 118 2905 148 2939; x_wconf 89' lang='lat'>10</span> <span class='ocrx_word' id='word_1_224' title='bbox 159 2890 223 2954; x_wconf 79' lang='lat' dir='ltr'>(Ne</span> <span class='ocrx_word' id='word_1_225' title='bbox 235 2890 336 2943; x_wconf 84' lang='lat' dir='ltr'>castris</span> <span class='ocrx_word' id='word_1_226' title='bbox 346 2887 460 2958; x_wconf 76' lang='lat' dir='ltr'>quidem</span> <span class='ocrx_word' id='word_1_227' title='bbox 493 2888 600 2958; x_wconf 76' lang='lat' dir='ltr'>teriecta</span> <span class='ocrx_word' id='word_1_228' title='bbox 619 2892 688 2943; x_wconf 83' lang='lat' dir='ltr'>inter</span> <span class='ocrx_word' id='word_1_229' title='bbox 705 2892 821 2946; x_wconf 80' lang='lat' dir='ltr'>Romam</span> <span class='ocrx_word' id='word_1_230' title='bbox 838 2905 866 2945; x_wconf 87' lang='lat' dir='ltr'>et</span> 
     </span>
     <span class='ocr_line' id='line_1_35' title="bbox 81 2946 867 3026; baseline 0.005 -20"><span class='ocrx_word' id='word_1_231' title='bbox 81 2955 155 3020; x_wconf 80' lang='lat' dir='ltr'>suis)</span> <span class='ocrx_word' id='word_1_232' title='bbox 168 2946 246 3007; x_wconf 82' lang='lat' dir='ltr'>Ne&#39;in</span> <span class='ocrx_word' id='word_1_233' title='bbox 255 2971 340 3009; x_wconf 86' lang='lat' dir='ltr'>castra</span> <span class='ocrx_word' id='word_1_234' title='bbox 350 2957 457 3025; x_wconf 89' lang='lat' dir='ltr'>quidem</span> <span class='ocrx_word' id='word_1_235' title='bbox 491 2958 867 3026; x_wconf 84' lang='lat' dir='ltr'>Arpos,lntercepissetcom-</span> 
     </span>
     <span class='ocr_line' id='line_1_36' title="bbox 83 3023 867 3094; baseline 0.008 -24"><span class='ocrx_word' id='word_1_236' title='bbox 83 3023 200 3072; x_wconf 66' lang='lat' dir='ltr'>rursusi</span> <span class='ocrx_word' id='word_1_237' title='bbox 214 3040 241 3072; x_wconf 87' lang='lat' dir='ltr'>se</span> <span class='ocrx_word' id='word_1_238' title='bbox 259 3025 312 3076; x_wconf 91' lang='lat' dir='ltr'>reci</span> <span class='ocrx_word' id='word_1_239' title='bbox 334 3042 395 3088; x_wconf 87' lang='lat' dir='ltr'>ero,</span> <span class='ocrx_word' id='word_1_240' title='bbox 422 3041 457 3076; x_wconf 86' lang='lat' dir='ltr'>ne</span> <span class='ocrx_word' id='word_1_241' title='bbox 491 3025 867 3094; x_wconf 75' lang='lat' dir='ltr'>meatus,quiltomdsubvehi</span> 
     </span>
     <span class='ocr_line' id='line_1_37' title="bbox 81 3044 866 3158; baseline 0.005 -20"><span class='ocrx_word' id='word_1_242' title='bbox 81 3085 143 3155; x_wconf 81' lang='lat' dir='ltr'>suga</span> <span class='ocrx_word' id='word_1_243' title='bbox 164 3044 391 3143; x_wconf 70' lang='lat' dir='ltr'>difficiliorlerer.</span> <span class='ocrx_word' id='word_1_244' title='bbox 493 3093 643 3158; x_wconf 85' lang='lat' dir='ltr'>potuissent</span> <span class='ocrx_word' id='word_1_245' title='bbox 664 3112 671 3149; x_wconf 85' lang='lat'><strong>;</strong></span> <span class='ocrx_word' id='word_1_246' title='bbox 702 3109 732 3144; x_wconf 86' lang='lat' dir='ltr'>ac</span> <span class='ocrx_word' id='word_1_247' title='bbox 754 3093 866 3157; x_wconf 72' lang='lat' dir='ltr'>proinde</span> 
     </span>
     <span class='ocr_line' id='line_1_38' title="bbox 119 3153 910 3228; baseline 0.006 -26"><span class='ocrx_word' id='word_1_248' title='bbox 119 3171 127 3202; x_wconf 89' lang='lat'>1</span> <span class='ocrx_word' id='word_1_249' title='bbox 138 3153 223 3220; x_wconf 77' lang='lat' dir='ltr'>r(Ant</span> <span class='ocrx_word' id='word_1_250' title='bbox 233 3155 459 3228; x_wconf 73' lang='lat' dir='ltr'>interjecralbup-</span> <span class='ocrx_word' id='word_1_251' title='bbox 493 3159 700 3223; x_wconf 85' lang='lat' dir='ltr'>absumpsisset,</span> <span class='ocrx_word' id='word_1_252' title='bbox 715 3161 866 3208; x_wconf 83' lang='lat' dir='ltr'>Romanum</span> <span class='ocrx_word' id='word_1_253' title='bbox 909 3192 910 3195; x_wconf 20' lang='grc' dir='ltr'><strong>κ</strong></span> 
     </span>
     <span class='ocr_line' id='line_1_39' title="bbox 83 3219 926 3293; baseline 0.011 -26"><span class='ocrx_word' id='word_1_254' title='bbox 83 3219 143 3284; x_wconf 88' lang='lat' dir='ltr'>ple,</span> <span class='ocrx_word' id='word_1_255' title='bbox 154 3221 200 3272; x_wconf 85' lang='lat' dir='ltr'>illa</span> <span class='ocrx_word' id='word_1_256' title='bbox 211 3222 299 3290; x_wconf 83' lang='lat' dir='ltr'>regio:</span> <span class='ocrx_word' id='word_1_257' title='bbox 310 3241 366 3293; x_wconf 75' lang='lat' dir='ltr'>quac</span> <span class='ocrx_word' id='word_1_258' title='bbox 377 3226 400 3276; x_wconf 87' lang='lat' dir='ltr'>si</span> <span class='ocrx_word' id='word_1_259' title='bbox 408 3225 461 3276; x_wconf 84' lang='lat' dir='ltr'>int·</span> <span class='ocrx_word' id='word_1_260' title='bbox 494 3227 638 3276; x_wconf 83' lang='lat' dir='ltr'>exercitum</span> <span class='ocrx_word' id='word_1_261' title='bbox 654 3223 765 3290; x_wconf 69' lang='lat' dir='ltr'>penurib</span> <span class='ocrx_word' id='word_1_262' title='bbox 780 3240 866 3276; x_wconf 74' lang='lat' dir='ltr'>rerum</span> <span class='ocrx_word' id='word_1_263' title='bbox 925 3250 926 3254; x_wconf 43' lang='lat'>¹</span> 
     </span>
     <span class='ocr_line' id='line_1_40' title="bbox 84 3286 799 3365; baseline 0.01 -30"><span class='ocrx_word' id='word_1_264' title='bbox 84 3286 156 3336; x_wconf 83' lang='lat' dir='ltr'>mica</span> <span class='ocrx_word' id='word_1_265' title='bbox 164 3287 293 3340; x_wconf 83' lang='lat' dir='ltr'>Romanis</span> <span class='ocrx_word' id='word_1_266' title='bbox 302 3287 407 3359; x_wconf 77' lang='lat' dir='ltr'>luisset,</span> <span class='ocrx_word' id='word_1_267' title='bbox 419 3293 460 3346; x_wconf 85' lang='lat' dir='ltr'>in·</span> <span class='ocrx_word' id='word_1_268' title='bbox 495 3292 616 3365; x_wconf 78' lang='lat' dir='ltr'>omnium</span> <span class='ocrx_word' id='word_1_269' title='bbox 627 3291 799 3343; x_wconf 80' lang='lat' dir='ltr'>laborantem.</span> 
     </span>
    </p>
   </div>
   <div class='ocr_carea' id='block_1_10' title="bbox 165 3353 770 3444">
    <p class='ocr_par' dir='ltr' id='par_1_11' title="bbox 165 3353 770 3444">
     <span class='ocr_line' id='line_1_41' title="bbox 165 3353 770 3444; baseline 0.005 -32"><span class='ocrx_word' id='word_1_270' title='bbox 165 3353 237 3416; x_wconf 83' lang='lat' dir='ltr'>Pars</span> <span class='ocrx_word' id='word_1_271' title='bbox 251 3355 275 3418; x_wconf 88' lang='lat' dir='ltr'>l.</span> <span class='ocrx_word' id='word_1_272' title='bbox 678 3356 706 3415; x_wconf 90' lang='lat' dir='ltr'>ll</span> <span class='ocrx_word' id='word_1_273' title='bbox 758 3419 770 3444; x_wconf 29' lang='grc' dir='ltr'>ς</span> 
     </span>
    </p>
   </div>
   <div class='ocr_carea' id='block_1_11' title="bbox 0 0 1012 3780">
    <p class='ocr_par' dir='ltr' id='par_1_12' title="bbox 0 0 1012 3780">
     <span class='ocr_line' id='line_1_42' title="bbox 0 0 1012 3780; baseline 0 0"><span class='ocrx_word' id='word_1_274' title='bbox 0 0 1012 3780; x_wconf 95' lang='lat' dir='ltr'> </span> 
     </span>
    </p>
   </div>
  </div>
 </body>
</html>
