2016 3780
166 157 234 235 146
386 147 729 219 T1n1L1v11

167 275 247 315 omne
260 273 349 331 genus
360 257 450 313 utrisne
461 275 507 313 uos
520 296 528 325 ,
549 276 586 311 an
607 244 866 334 Carthaginienses
876 258 956 335 prire-

169 342 244 415 cipes
274 333 358 392 Orbis
387 346 525 393 terrarum
551 338 653 392 uideat.
693 333 723 393 Si
752 353 793 392 ex
825 336 863 393 iis
898 356 956 413 quae

95 446 108 491 ¹.
170 415 322 479 Locrenses
337 425 388 473 aut
404 417 439 471 ab
456 413 516 487 illis
538 416 619 493 passi
638 427 758 484 samus,
784 427 846 473 aut
865 414 883 473 ὰ
899 436 958 475 ues-

171 511 216 559 tro
237 495 366 575 prasidio
390 515 461 551 nunc
480 494 537 551 ciem
561 490 687 552 maximi
706 494 863 574 patimur,
887 496 960 553 resti·

170 579 302 638 monrium
327 575 480 632 Romanum
503 593 537 631 ac
561 573 695 631 Punicum
719 575 873 651 imperinm
901 578 940 634 sit
949 597 959 647 ,·

172 648 251 717 nemo
273 676 325 712 non
346 651 412 711 illas
433 651 486 714 sibi
498 695 506 723 ‚
531 652 613 733 quim
637 675 708 725 uos,
731 654 866 715 dominos
894 676 962 735 pru-

173 746 260 816 optct.
284 734 325 792 Et
343 745 437 791 tamen
455 734 546 792 uiciate
562 735 792 812 quemadmodicm
805 732 962 794 Locrenses

173 822 202 877 in
228 835 275 872 uos
304 815 423 871 animati
448 814 515 872 sint.
544 809 612 870 Cium
635 813 651 870 ci
676 810 963 891 Carthaginiensibus

175 896 291 973 injurias
312 896 390 952 tanti
412 894 531 951 minores
553 895 764 972 acciperemus,
784 897 827 951 aci
843 907 965 953 uestrum

175 982 371 1054 imperatorem
395 975 570 1049 confugimus
584 993 595 1029 .·
614 974 673 1030 ciem
691 973 707 1029 ci
726 983 820 1032 vestro
835 977 964 1050 proesirlio
1007 1005 1008 1012 1

175 1054 323 1141 plusqucim
337 1051 451 1111 bostilia
462 1055 616 1131 patiamnr;
635 1052 772 1132 nusqnim
785 1053 869 1125 alib,
885 1052 965 1134 quim

178 1140 216 1199 aci
233 1157 301 1206 nos,
324 1131 452 1214 querelas
465 1131 627 1191 detulimus.
656 1132 715 1191 Aut
738 1154 785 1190 uos
811 1136 965 1214 respicietis

176 1218 306 1301 perditas
322 1235 365 1271 res
378 1223 512 1282 nostrus,
535 1212 638 1272 Patres
661 1209 850 1291 conscripti,
871 1226 923 1272 aut
936 1210 965 1271 ns'

180 1302 217 1357 ab
244 1297 299 1351 diis
326 1294 436 1371 quidem
464 1290 668 1351 immortalibus
693 1295 769 1371 quod
795 1313 965 1373 precemur,

176 1377 328 1512 quicquam
350 1382 488 1510 superest.

173 1476 177 1483 ·
225 1453 236 1511 l
272 1453 335 1531 ..Q
354 1452 509 1512 Peminius
526 1451 552 1511 le
576 1464 639 1512 atus
651 1452 754 1510 missus
769 1464 816 1512 est
829 1474 893 1513 cum
903 1472 965 1533 pra·

182 1536 255 1597 sidio
272 1537 311 1592 aul
326 1534 495 1610 recipiendos
511 1531 527 1587 ci
543 1473 830 1610 (garibaginiensibus
846 1533 965 1599 Locrm,

184 1629 215 1678 et
234 1634 295 1674 cum
317 1617 411 1671 eadem
431 1611 470 1671 ibi
494 1611 608 1671 relictus
630 1625 674 1671 est
692 1615 853 1690 prasidio·
871 1613 904 1673 ln
926 1612 965 1670 boc

186 1696 283 1772 legato
303 1705 393 1755 uestro
417 1695 593 1768 (sicutenim
606 1697 727 1750 animum
745 1696 783 1753 ad
803 1692 967 1774 loquendum

187 1772 272 1835 libari
302 1772 411 1831 ultima
432 1773 580 1846 miseria)
609 1793 657 1831 nec
678 1771 798 1831 bominis
823 1779 969 1855 quicquam

189 1860 255 1922 cst,
276 1852 380 1909 Patres
401 1848 558 1929 Conscripti
568 1893 576 1921 ‚
600 1863 703 1928 prater
713 1851 849 1929 figuram
867 1867 899 1913 et
912 1872 971 1932 spe·

189 1936 259 1993 ciem
273 1951 284 2001 ;
314 1950 401 2008 aeque
427 1931 546 1989 Romani
574 1932 668 2000 ciuis,
698 1943 804 2007 prater
822 1930 971 2001 habiturn,

188 2012 395 2090 uestitumque,
414 2021 443 2068 et
455 2030 554 2070 sonum
569 2006 680 2069 Latina
697 2010 813 2090 lingua.
831 2006 929 2072 Pestis
946 2031 973 2069 uc

190 2089 292 2157 bellua
306 2092 458 2163 immonis,
484 2088 583 2168 quales
607 2094 715 2160 fretum
731 2095 878 2169 quondam
893 2135 905 2164 ,
925 2111 980 2172 quo.

191 2171 228 2229 ab
249 2168 346 2229 Siciliui
366 2173 535 2242 diuidimur,
558 2172 595 2230 acl
611 2171 760 2249 perniciem
781 2174 973 2251 nauigantium

193 2254 401 2315 circumsedisse
429 2249 538 2325 sabula
574 2253 681 2319 ferunt.
717 2249 756 2307 At
791 2252 816 2309 si
848 2250 940 2312 scelus
966 2292 975 2320 ,

194 2331 417 2408 libidinemque,
441 2342 470 2390 et
488 2323 635 2387 iustitium
657 2327 734 2388 solus
756 2330 816 2408 ipse
848 2351 974 2392 exercere

193 2416 221 2473 in
238 2412 326 2469 socios
348 2420 453 2466 nestros
473 2411 543 2467 satis
561 2408 694 2478 baberet,
714 2428 797 2467 unum
808 2416 975 2489 profundunt

193 2490 304 2571 quictem
332 2489 492 2623 sarqpinom
521 2500 615 2546 tamen
641 2488 781 2566 patientiri
804 2493 909 2551 nostrai
927 2513 976 2551 ex·

194 2568 343 2652 ploremus.
410 2589 461 2625 unc
490 2588 584 2626 omnes
615 2568 788 2626 centuriones
819 2571 975 2652 militesque

195 2659 301 2708 uestros
323 2647 415 2724 (aciei
439 2650 467 2705 in
489 2649 644 2726 promiscuo
664 2646 808 2706 licentium
822 2663 915 2732 atque
929 2656 969 2710 in·

193 2727 364 2809 probitatem
387 2748 446 2786 esse
466 2728 575 2804 uoluit)
606 2726 757 2787 Pleminios
772 2730 851 2797 fecit
862 2752 877 2801 p
894 2745 973 2792 omnes

198 2808 335 2882 rapiunt,
360 2804 503 2883 spoliant,
528 2806 692 2878 verberant,
715 2806 895 2884 vulnerant,
914 2809 975 2871 occi·

197 2889 268 2948 dunt
290 2907 301 2944 r
324 2896 505 2964 constuprant
533 2899 697 2959 matronas,
727 2889 852 2963 uirgines
873 2934 883 2961 ,
908 2894 979 2967 inge.

199 2986 267 3031 nuos
294 2976 390 3043 raptos
416 2987 456 3023 ex
482 2966 633 3046 complexu
662 2979 819 3044 pareatum.
854 2969 978 3051 Quotidie

199 3049 310 3122 capitur
334 3041 398 3101 urbs
419 3055 515 3103 nostra
538 3089 547 3117 ‚
574 3048 698 3126 quotidie
724 3049 860 3126 diripitur
889 3073 901 3108 .·
920 3042 980 3108 ‘dies

201 3137 347 3204 noctesque
371 3125 463 3180 omnio
479 3126 585 3201 passim
598 3123 744 3184 mulierum
760 3147 982 3210 puerorumque,

198 3205 250 3293 qui
285 3206 432 3283 rapiuntur
465 3216 550 3284 utque
585 3216 794 3283 asportantur,
824 3206 984 3287 ploratibus

204 3295 313 3352 sonant,
336 3282 463 3347 Miretur
482 3286 530 3369 qui
549 3288 640 3361 sciat,
662 3288 796 3377 quamuis
815 3299 869 3349 aut
889 3286 985 3355 nessi
