2016 3780
142 227 204 304 164
366 217 490 288 T1n1
535 216 691 288 L1v11

137 323 374 404 tururnpopuium
398 326 579 384 Romanam?
609 323 640 382 Si
665 327 861 383 incensurum?
885 325 919 384 Si

84 456 89 467 ,
136 406 350 486 magistratus,
371 406 396 461 si
416 417 567 476 senatum,
592 408 618 463 si
639 405 716 483 leges
736 427 788 464 non
805 406 918 464 habitu-

96 554 98 559 .
137 488 228 543 rum?
259 483 358 542 Siout>
381 483 494 561 regibus
509 487 678 563 futurum?¹
699 483 750 542 Dii
776 484 917 555 meliora,
1002 504 1005 509 ·

138 564 239 644 inquis.
266 563 352 640 Atqui
378 584 431 621 non
463 565 619 643 indignitas
650 568 740 622 rerum
762 562 919 645 sponsionis

136 643 274 702 uinculum
297 642 379 702 ierat.
409 641 531 722 Siquid
555 655 627 713 est,
659 645 686 699 in
702 646 778 724 qaod
792 640 927 725 obligari

134 722 254 804 populus
277 724 368 800 possit
390 764 399 792 ‚
436 723 464 779 in
491 724 582 780 omnia
601 732 704 801 potest.
726 722 767 782 Et
785 720 921 784 ne'iiiad

134 807 271 885 quidem,
296 805 370 881 quod
393 806 526 880 quosdam
543 805 670 872 forsitan
692 813 801 862 moveat
827 844 836 874 ‚
872 826 919 863 re-

127 890 214 958 fert,
245 880 360 951 consui,
387 902 423 940 an
434 885 555 940 dictator
569 925 577 953 ,
599 904 635 940 an
648 895 752 960 prator
763 888 920 962 spoponde-

137 965 184 1024 rit.
208 961 247 1020 Er
269 961 318 1020 iroc
342 963 396 1040 ipsi
422 965 506 1021 etiam
532 959 673 1020 Samnites
695 963 917 1035 iudicaverunt,

49 1070 55 1080 ’
135 1041 234 1125 quibus
251 1063 303 1100 non
317 1044 380 1111 suit
398 1043 470 1100 satis
483 1040 783 1120 consules'spondere‚
808 1047 859 1102 sed
875 1043 920 1102 le-

135 1135 245 1205 gatos,
281 1133 461 1203 questoresff
494 1118 619 1182 tribunos
639 1120 762 1181 militam
783 1126 920 1203 spondere

135 1214 295 1283 coegerunt.
357 1226 360 1233 ¹
448 1240 453 1249 ·
722 1228 726 1234 ·
921 1212 923 1219 '

176 1282 230 1344 VI.
260 1282 316 1341 Neo
346 1279 364 1338 d
387 1302 432 1340 me
454 1302 524 1340 nane
548 1285 695 1364 quiequam
718 1284 875 1364 quaesiuerit
907 1326 916 1355 ,

21 1434 24 1441 Ι
135 1365 203 1445 quid
231 1361 271 1422 itd
291 1364 510 1443 spoponderim,
541 1366 599 1422 oiim
616 1367 646 1425 id
666 1382 715 1424 nec
732 1363 851 1423 consulis
865 1364 918 1450 jas

114 1460 121 1473 ⁸
136 1456 210 1503 esset
226 1487 235 1515 ,
260 1464 309 1502 nec
333 1440 393 1502 iilis
412 1447 548 1522 spondere
564 1447 661 1524 pacem
679 1488 688 1517 ,
717 1465 777 1524 qua
793 1446 847 1502 mei
864 1463 920 1503 non

41 1547 44 1551 ’
136 1536 200 1584 erat
215 1522 347 1595 arbitrii,
364 1545 415 1585 nec
450 1544 480 1581 ro
499 1523 595 1596 vobis,
621 1528 669 1607 qui
688 1525 760 1585 ninii
772 1526 927 1584 mandare·

134 1607 230 1677 ratis,
250 1624 369 1682 possem.
387 1544 469 1663 Niir't
478 1608 516 1663 ad
526 1602 663 1664 Caudium
678 1647 687 1677 ,
713 1606 814 1664 Patres
827 1600 918 1662 Cens-

135 1688 219 1764 eripti
234 1728 242 1756 ,
265 1685 391 1743 hemonis
405 1684 529 1743 consiliis
543 1697 656 1764 gestum
669 1695 720 1743 est.
738 1683 790 1743 Dii
807 1687 920 1742 immor-

135 1766 209 1824 tales
222 1776 251 1821 et
269 1767 366 1821 vestris
384 1773 412 1820 et
431 1762 550 1821 hostium
567 1762 779 1842 imperatoribus
794 1775 917 1822 mentem

135 1847 307 1902 ademerunt.
324 1842 381 1899 Nec
402 1844 452 1898 noo
474 1844 502 1899 in
524 1838 596 1899 bello
618 1845 690 1900 satis
707 1847 828 1900 cavimus
848 1863 859 1912 ;
887 1853 918 1902 et

135 1923 180 1982 iili
204 1918 277 1980 maid
298 1930 409 1997 partam
433 1920 576 1979 victoriam
602 1919 677 1987 male
697 1925 880 1999 perdiderunt
904 1944 916 1979 ,·
945 1934 948 1940 ·

135 2005 199 2060 dum
216 2005 267 2060 vix
284 1998 352 2059 locis
372 2042 381 2071 ,
402 1999 654 2079 demessuerunt,
684 2004 800 2061 credunt
810 2023 821 2074 ,⁶
850 2005 918 2060 du'm

134 2082 305 2163 qudcumque
325 2082 480 2152 conditione
502 2101 581 2139 erma
608 2083 673 2140 viris
692 2084 720 2140 in
742 2103 820 2140 arma
840 2084 918 2140 natis

133 2168 244 2235 auferre
256 2164 405 2236 festinant.
432 2161 474 2221 An
499 2205 508 2235 ‚
544 2164 570 2220 si
595 2183 664 2221 sana
687 2183 764 2222 mens
780 2165 916 2235 fnisset,

133 2243 247 2318 difficile
262 2242 322 2303 illis
329 2244 412 2315 fait,
438 2247 502 2302 dam
516 2263 596 2302 senes
612 2241 647 2302 ab
665 2246 743 2303 domo
757 2247 795 2302 ad
809 2239 917 2301 consul-

133 2328 248 2385 tandum
260 2335 423 2393 arcessunt,
444 2327 555 2383 mittere
572 2324 687 2384 Romam
700 2324 810 2402 legatos
823 2342 834 2393 ;
850 2341 925 2379 cum·

133 2402 254 2473 senatu,
278 2423 339 2459 cum
357 2400 484 2479 populo,
502 2407 536 2460 de
555 2422 624 2478 pace
637 2423 670 2460 ae
683 2405 791 2471 fodere
802 2404 910 2477 ageret

137 2479 234 2540 Tridui
247 2483 303 2539 iter
323 2482 466 2558 expeditis
483 2491 554 2538 erat.
571 2479 679 2539 intered
694 2484 722 2539 in
741 2482 856 2540 induciis
867 2499 915 2538 res

60 2543 73 2573 χ
124 2564 233 2630 suisset
245 2582 259 2632 ,’
276 2563 361 2620 donec
376 2557 412 2619 eb
427 2559 514 2619 Romd
528 2558 620 2638 iegati
631 2572 682 2618 aut
693 2562 834 2621 victoriam
851 2558 912 2619 iilis

132 2654 257 2713 certam,
282 2654 334 2701 out
353 2661 451 2719 pacem
468 2639 610 2716 afferrent.
637 2640 680 2700 Eo
704 2645 812 2706 demum.
833 2662 915 2721 spon-

131 2723 173 2777 sio
201 2731 303 2790 esset,
341 2742 424 2800 quam
446 2722 543 2801 popuii
561 2724 641 2800 jussu
664 2727 912 2802 spopondissemus.

132 2796 190 2859 Sed
208 2817 295 2877 neque
311 2820 356 2856 ros
378 2799 516 2861 tulissetis
537 2808 556 2873 ,’
577 2823 626 2861 nec
650 2824 700 2861 nos
720 2807 913 2883 spopondisse·

130 2882 192 2955 mus
209 2899 220 2934 :
243 2885 295 2934 uec'
307 2881 359 2944 fas
375 2880 436 2945 fuit
461 2880 549 2940 alium
573 2902 663 2939 rerum
689 2886 800 2940 exitum
818 2905 878 2943 esse
900 2925 910 2955 ,

129 2956 215 3039 qudm
246 2968 278 3015 ut
304 2971 334 3017 et
361 2957 406 3018 ilii
431 2961 506 3018 relat
529 2960 634 3019 somnio
657 2957 763 3017 latiore
787 3002 797 3029 ,
827 2964 912 3038 qudm

128 3045 203 3122 quod
232 3049 340 3098 mentes
370 3059 463 3099 eorum
497 3056 595 3116 cepere
624 3047 769 3113 possent,
803 3043 913 3115 nequic-

129 3130 212 3201 quam
240 3118 417 3179 eluderentur
444 3161 453 3190 ‚
487 3129 516 3176 et
538 3124 662 3174 nostram
688 3119 844 3173 exercitam
865 3138 911 3172 ea·

128 3204 192 3275 dem
220 3221 324 3281 ,aaa
345 3202 510 3280 impedierat
537 3240 546 3269 ‚
575 3201 693 3269 fortuna
726 3197 905 3274 expediret:

129 3300 230 3341 ranam
241 3282 382 3340 uictoriam
392 3282 487 3353 vanior
501 3277 728 3345 irritamfeceret
738 3292 909 3354 paxespon·

27 3417 41 3428 a
127 3360 390 3498 sr'pln'mmponetar‚
413 3382 474 3445 qua
488 3359 622 3422 neminem
635 3368 741 3447 prater
751 3377 921 3439 sponsorem.

127 3458 144 3499 o
176 3452 281 3522 igeret.
