2016 3780
107 238 154 308 to
319 212 470 289 ¹Tre-1
515 211 677 282 L1vrr

106 316 199 383 facile
220 316 300 378 inter
325 318 442 378 vicinos
465 315 616 398 populos,
640 327 671 376 et
693 314 754 379 'sibi
772 317 901 383 invicem

108 411 284 480 suspectos,
306 397 416 457 bellurn
443 398 564 456 exarsit.
592 397 683 474 Cujus
703 398 737 457 in
759 415 901 481 apparatu

64 542 68 547 ,
108 479 239 542 Cluilius
254 479 391 556 moritur.
411 476 520 536 Albani
537 475 570 538 ad
584 476 724 538 Mettium
739 477 902 544 Fufsetium

108 559 235 640 imperii
254 578 396 618 summam
413 555 558 617 deferunt.
587 555 614 616 Ia
629 557 903 638 priusquamdimi·

111 652 217 712 catur,
240 638 363 699 Tullum
387 637 422 698 ad
442 638 624 716 colloquium
648 637 776 714 invitat,
797 641 902 721 ibique

110 721 248 781 hortatur
263 731 296 779 ut
312 720 413 779 ineant
423 719 552 796 aliquam
565 719 665 790 viam,
684 719 742 800 qud
755 723 812 782 utri
826 723 902 784 utria

111 801 283 878 imperent,
307 800 370 859 sine
386 801 492 877 magni
517 798 602 860 clade
617 841 626 870 ‚
642 799 818 862 ainemulto
834 823 902 863 san-

111 880 203 958 guine
228 881 385 960 utriusque
399 879 511 1019 ‘qepuli
539 879 662 939 decerni
684 881 789 962 possit.
815 881 902 943 Haud

112 959 251 1040 displicet
285 979 332 1020 res
359 960 475 1033 Tuto,
511 979 678 1039 quanquam
714 972 778 1023 tum
803 960 903 1025 indole

113 1040 226 1112 animi,
249 1051 311 1098 turn
328 1059 381 1122 spe
397 1040 530 1101 victoriae
545 1039 673 1100 ferocior
684 1053 757 1104 erat.

52 1158 102 1196 rta-
129 1182 132 1187 ·
154 1142 192 1204 H.
212 1143 426 1222 Quaerentibus
448 1141 588 1222 utrinque
611 1143 691 1203 ratio
707 1144 825 1220 initur,
851 1146 903 1208 cui

52 1225 146 1282 ,tw-ea
172 1222 288 1282 fortuna
311 1222 374 1302 ipsa
402 1215 528 1304 {imbuit
556 1224 718 1289 materiam.
755 1224 847 1286 Forte
869 1228 903 1286 in

53 1285 88 1317 ω’
115 1301 235 1362 duobus
252 1314 328 1362 tum·
340 1304 531 1364 exercitibus·
545 1313 629 1361 arant
659 1307 718 1382 (1)
748 1307 903 1384 trigemini

115 1383 245 1456 fratreas,
270 1400 325 1443 nec
351 1393 434 1443 artata
456 1403 511 1443 nec
536 1383 650 1446 viribus
674 1383 814 1463 dispares.
840 1388 901 1465 (2)

114 1464 255 1526 Horatios
272 1463 481 1544 Curiatiosque
497 1463 588 1524 fuisse
604 1465 676 1533 satis
689 1471 826 1540 constat,
846 1485 903 1527 nec

113 1545 208 1607 ferme
224 1546 409 1627 recentique
430 1544 551 1607 aliaest
573 1543 703 1607 nobilior
718 1573 728 1622 3
753 1557 850 1607 tamen
870 1546 903 1604 in

114 1647 152 1696 re.
174 1638 232 1687 tarn
260 1625 338 1686 clara
362 1627 515 1687 neminum
543 1637 772 1701 errorisque,
807 1625 903 1686 utrius

114 1707 218 1785 populi
235 1707 373 1775 Horatii,
395 1708 490 1762 utrius
504 1705 633 1764 Curiatii
649 1706 776 1766 fuerint.¹
795 1707 904 1767 Aucto·

111 1804 162 1844 res
189 1786 313 1860 utroque
338 1783 481 1855 trahunt,
511 1779 612 1861 plures
635 1793 733 1842 tamen
759 1787 901 1860 invenio,

114 1865 168 1943 qui
180 1863 483 1922 Romanoa-Horatios
497 1871 622 1935 rocent3
642 1861 698 1922 hoa
717 1873 759 1922 ut·
772 1883 878 1943 sequar
893 1911 904 1942 ,

65 1945 69 1953 '
113 1943 240 2003 inclinat
255 1944 380 2021 animus.
404 1942 480 2004 Cum
496 1941 665 2018 trigeminis
681 1953 772 2020 agunt
793 1963 904 2024 reges,

113 2035 221 2102 utpro
233 2022 430 2101 suiquisqua
453 2021 551 2100 patria
567 2019 712 2084 dimicent
734 2023 841 2100 ferro,
864 2025 904 2085 itt

114 2105 262 2184 imperinm
277 2107 364 2178 fore,
386 2106 459 2162 rate
479 2104 592 2163 victorio
612 2106 715 2174 fuerit.
747 2103 833 2166 Nihil
856 2127 905 2165 re·

113 2184 236 2252 crastin}
246 2205 261 2254 ,ε
280 2194 397 2266 ternpus
411 2181 540 2248 Jettocus
550 2185 706 2248 convenit.
720 2183 904 2267 {Priusquam

79 2271 81 2275 ’
114 2262 320 2338 dimicarent,
347 2263 443 2325 ioedu's
473 2263 565 2325 ictum
597 2266 676 2326 inter
701 2266 848 2326 Romanos
873 2277 904 2324 et

113 2346 300 2407 Attianos-est
312 2343 503 2419 tristegum,
520 2353 553 2399 ut
569 2343 625 2417 (3)
643 2347 787 2422 cujusque
799 2344 903 2426 populi

115 2427 195 2483 cives
217 2442 254 2480 eo
274 2421 437 2481 certamine
458 2419 619 2496 vicissent,
635 2423 661 2483 is
681 2421 768 2484 alteri
789 2425 904 2508 populo

91 2572 94 2581 ¹
114 2524 183 2585 cum
203 2505 278 2581 hona
296 2520 371 2584 pace
388 2499 584 2582 imperitaret.
821 2500 823 2506 ’

52 2612 105 2661 rmi-
125 2596 209 2658 -nt,
227 2592 350 2656 Foedere
368 2593 452 2664 icto,
471 2591 625 2669 trigemini
639 2637 649 2666 ‚
663 2594 742 2656 sicut
758 2615 905 2659 convene·

52 2677 179 2748 ,dea-rat,
202 2692 280 2734 arma
304 2673 437 2755 capiunt.
451 2672 602 2735 ‘Ctimeni
629 2683 768 2754 utrosque
794 2678 904 2740 adhor-

52 2749 80 2786 ω·
115 2765 274 2820 tarentur:
299 2753 378 2831 Deos
393 2755 523 2834 patrios,
544 2755 669 2835 patriam
693 2776 725 2815 ec
746 2771 904 2836 parentes,
950 2792 956 2805 ·

112 2839 249 2920 quidquid
264 2837 363 2896 civium
379 2838 475 2906 domi,
491 2835 626 2918 quidquid
640 2835 669 2912 in
687 2837 817 2896 exercitu
839 2840 904 2911 ait,

113 2919 307 2994 ittoramrrmc
320 2937 425 2989 arma,
445 2914 560 2975 illorum
579 2916 683 2976 intueri
699 2936 800 2976 manus
821 2937 834 2976 .·
857 2915 904 2976 fe·

147 3060 159 3095 r
185 3041 384 3112 (Trigemini)
408 3038 490 3093 Tertii
524 3039 825 3109 hnaSecieniiAlhani,
857 3061 903 3101 uas·

111 3112 206 3172 §odem
218 3108 381 3174 partuediti.
524 3123 581 3158 rum
591 3110 673 3159 altera
683 3109 803 3162 Curiatio
813 3111 847 3162 At
866 3128 902 3174 ω,

145 3196 161 3230 a
183 3174 358 3242 (Horatios,
388 3170 491 3226 Curio·
525 3173 605 3227 attera
615 3176 903 3246 HoratioRomaenup·

111 3244 243 3313 tiosque}
252 3242 306 3294 Eo'a
314 3241 491 3294 consobrinos
525 3255 581 3294 tum
592 3241 651 3296 data
663 3243 755 3298 suerat.

104 3309 194 3365 fiisse
206 3309 281 3369 Dion
292 3310 370 3362 tradit
384 3345 391 3372 ,
411 3320 491 3361 natos
518 3322 523 3358 .·
559 3310 771 3383 5-(ουῘαεᾳυε)
785 3312 904 3385 Antiqui

111 3375 491 3446 uduquaorqribunfliit·
520 3377 813 3459 §temptaminis
845 3432 848 3439 .
907 3416 910 3421 ·
