2016 3780
193 179 477 251 Ninitrrro
526 177 748 250 XXVIII.
799 201 861 271 149

78 285 218 364 surgenti
244 287 303 362 jam
333 285 461 346 Triariis
483 295 597 364 tempus
623 297 702 344 esset
723 304 730 342 τ
758 284 864 344 deinde

62 366 188 445 ,melius
216 377 296 424 ratus
317 366 447 442 integros
467 384 518 424 eos
543 365 578 424 ad
599 364 737 422 ultimum
757 365 866 424 discri-

78 467 150 506 men
167 447 301 516 servrri‚
325 449 473 504 Accensos
487 445 525 504 ab
541 445 698 504 novIssimi
716 448 781 503 acie
796 444 865 502 ante

44 570 48 575 -
79 527 165 603 signa
179 523 441 605 procederejnbet.
454 525 516 603 Qui
533 525 583 582 ubi
599 525 736 597 subiere,
753 536 867 584 extem·

78 607 135 684 pto
151 604 269 675 Latini,
285 614 421 682 tanquam
434 603 512 662 idem
527 604 685 663 adversarii
702 603 864 675 fecissent,

79 685 215 746 Triarius
247 703 314 744 suos
341 683 544 742 excitaverunt
574 688 595 742 τ’
632 686 663 743 ui
694 682 865 763 ailquanditl

79 764 179 844 pugni
194 764 289 824 atroci
307 763 376 823 etim
396 775 426 823 et
441 765 594 843 semetipsi
612 704 807 842 latigassent,
833 776 866 823 et

79 845 177 905 hastas
192 856 241 903 aut
252 843 492 924 preiregissent,
506 853 556 904 aut
569 844 777 919 hebetassent,
798 843 865 924 pel-

79 927 176 984 lerent
194 924 222 989 vi
241 935 339 984 tamen
357 923 495 997 hostem,
515 923 691 984 debellatum
707 928 768 1005 jam
786 927 865 995 rari,

79 1013 312 1086 perventumque
332 1003 366 1062 ad
388 1015 550 1064 extremam
572 1007 693 1078 aciem3
714 1017 775 1065 tum
792 1023 865 1063 con-

79 1085 127 1147 sul
145 1083 297 1157 Triariis,
320 1083 487 1163 consurgite
507 1107 595 1156 nnnc,
616 1086 713 1164 inquit
726 1129 741 1158 ,¹
757 1086 866 1166 integri

79 1168 210 1243 adversus
219 1169 337 1237 fessos,
360 1186 495 1223 memores
511 1169 627 1245 patriar,
641 1178 864 1246 parentumque,

79 1247 288 1324 etconjugom,
312 1266 345 1302 oc
370 1242 537 1316 liberorum
563 1267 699 1304 memores
722 1242 863 1316 consulis,

75 1344 128 1407 pro
144 1325 233 1383 oestro
248 1325 361 1384 victorici
380 1337 470 1384 morte
485 1325 678 1386 occumbentis.

119 1413 187 1479 vlt.
213 1414 271 1475 Ubi
287 1413 398 1474 Triarii
413 1429 660 1476 consurrexerunt
679 1413 804 1495 integri,
821 1435 865 1475 re-

78 1494 264 1574 fulgentibus
289 1493 399 1565 mmis,
424 1512 498 1551 nova
520 1514 557 1552 ex
581 1496 621 1552 im
645 1497 741 1555 reviso
763 1508 868 1554 exorta

78 1576 181 1647 acies,
205 1573 335 1652 receptis
359 1573 389 1630 in
410 1571 563 1632 intervalla
585 1516 719 1632 orimum
739 1576 869 1652 Antepi-

77 1654 176 1727 lenis,
192 1653 323 1712 clamore
335 1651 450 1712 sublato
466 1649 523 1730 (6)
539 1653 689 1734 principia
704 1655 870 1714 latinorum¹

79 1733 255 1815 perturbant
281 1752 287 1790 τ
312 1733 462 1813 hastisque
489 1753 539 1794 ore
565 1733 735 1805 fodientes,
766 1735 866 1815 primo

77 1814 186 1874 robore
205 1814 336 1874 virorum
352 1833 427 1876 caeso
442 1831 496 1894 per
510 1813 584 1874 alios
601 1813 765 1894 manipulos
786 1814 868 1873 velut

77 1894 206 1959 inermes
226 1897 319 1976 prope
336 1894 440 1956 intacti
458 1895 599 1956 evesire:
620 1895 757 1974 tantique
781 1893 868 1954 crede

78 1974 240 2051 perrupere
259 1994 388 2048 cuneos,
410 1984 443 2034 ut
465 1975 514 2032 vix
531 1989 663 2053 quartem
679 1988 794 2055 partem
818 1992 867 2031 re-

78 2052 220 2128 liquerint
243 2052 382 2113 hostium.
408 2053 552 2113 Samnites
571 2074 688 2134 quoque
713 2056 765 2113 sub
791 2052 868 2111 racli-

80 2129 166 2189 cibus
177 2132 285 2189 montis
297 2131 400 2210 procul
413 2131 549 2191 Instructi
562 2133 711 2210 praebutre
725 2140 869 2191 terrorem

80 2208 209 2270 Latinis.
236 2209 376 2268 Ceterum
395 2210 473 2267 inter
492 2229 592 2269 omnes
615 2211 694 2270 cives
713 2213 869 2286 sociosque

42 2290 59 2315 ·
79 2288 229 2371 precipua
252 2286 315 2347 laus
341 2291 405 2368 ejus
424 2286 497 2346 belli
522 2290 612 2370 penes
637 2290 771 2349 conules
788 2288 869 2348 luit:

79 2388 205 2448 quorum
220 2367 293 2426 alter
315 2388 417 2427 omnes
433 2370 527 2429 minas
547 2370 738 2452 periculaque
754 2371 789 2430 ab
806 2369 869 2429 diis

80 2449 195 2528 superis
214 2447 394 2528 iniensque,
412 2449 443 2507 ln
456 2468 487 2508 se
505 2471 593 2509 unum
612 2453 721 2509 vertit:
742 2451 818 2511 alter
830 2448 868 2509 erl

15 2526 22 2535 '
79 2528 191 2586 virtute
206 2547 298 2605 eoque
322 2528 448 2588 consilio
462 2529 492 2587 in
508 2530 611 2607 ptaeli0
630 2530 708 2603 luit,
725 2542 754 2589 ut
778 2530 868 2590 focile

48 2630 53 2636 ·
80 2609 254 2669 convenerit
266 2609 345 2666 inter
361 2608 507 2669 Romanos
520 2611 701 2691 Latinosque
714 2656 722 2682 ‚
739 2615 789 2688 qui
802 2604 871 2691 ejus'

33 2724 36 2729 ·
80 2706 188 2770 pugne
205 2690 380 2747 memoritrm
401 2691 530 2771 posteris
552 2690 754 2762 tradiderunt,
770 2695 872 2753 utrius'

102 2768 171 2828 artis
194 2767 231 2828 ‘ll
250 2768 379 2829 Manlius
406 2769 467 2828 dux
490 2768 594 2830 fuisset
614 2765 717 2852 ,ejus
739 2768 870 2851 futurunl

79 2789 158 2910 llautl
182 2848 274 2909 dubie
295 2847 386 2909 fuisso
402 2850 568 2912 vitreriam.

120 2951 217 3015 VIII.
237 2952 389 3013 Latinior
412 2953 479 3035 lugi
497 2975 528 3014 se
546 2955 712 3017 Minturnas
734 2958 868 3018 contule·

81 3042 159 3094 runt.
178 3031 281 3092 Castra
296 3033 459 3094 secundrlm
483 3034 619 3116 praelium
635 3050 744 3118 capta,
765 3040 866 3099 multi-

68 3130 138 3193 'que
158 3112 297 3172 mortales
318 3112 360 3172 ibi
376 3116 433 3174 viui
449 3118 605 3196 oppressi,
630 3120 760 3175 maxime
781 3119 867 3178 Cam-

80 3192 161 3273 pani.
185 3192 277 3258 Decii
294 3197 452 3274 corpusne
470 3215 505 3254 eo
522 3196 569 3255 die
587 3194 789 3267 inveniretur,
808 3213 867 3254 nox

93 3372 97 3377 ,
116 3328 135 3382 θ
150 3325 314 3399 (Principia
329 3330 649 3408 Lstirrorun1ll'timsm
666 3334 760 3386 aciem.
789 3347 792 3355 ·
809 3312 828 3391 ⁴,

675 3410 744 3474 Gt
