2016 3780
170 163 171 166 ’
272 162 642 234 NaanarroL.
786 167 851 253 157

67 267 199 328 victoria
219 269 349 348 premia.
368 268 472 348 Scipio
484 268 572 328 editis
585 266 738 347 imperiis,
753 268 851 327 redire

68 348 102 406 ad
120 368 206 408 naves
221 349 323 427 jussit,
337 358 366 405 et
379 361 500 428 postero
513 347 562 408 die
573 391 582 419 ‚
594 349 655 408 diis
667 349 741 408 bene
753 350 852 428 jutan-

67 428 168 501 tibus,
192 429 278 506 signo
291 427 359 487 dato
374 430 488 488 solvere
504 446 601 489 naves.

106 542 145 605 11.
168 543 272 604 Multae
292 543 398 604 classes
415 545 559 621 Romanae
577 543 593 602 ὲ
611 541 738 615 sicilia,
761 552 850 622 atquo

65 621 132 703 ipso
159 622 214 683 illo
238 634 325 704 portu
349 623 488 705 profecta
513 634 607 684 erant.
632 622 772 684 Ceterum
789 642 850 708 non

65 702 103 762 eo
126 703 205 762 bello
230 703 349 776 solum,
381 703 497 764 sed-ne
521 707 621 784 priore
642 703 761 781 quidem
786 704 850 767 ulla

62 783 213 862 profectio
234 784 311 843 tanti
339 783 501 863 spectaculi
528 783 595 843 fuit.
624 783 798 863 Quanquam
822 784 851 843 si

62 863 267 940 magnitudine
289 863 393 924 classis
413 866 629 934 aestimaretur‚
648 874 678 921 et
696 863 759 922 bini
776 883 850 928 con-

63 942 142 1002 sules
166 963 236 1003 cum
259 944 337 1005 binis
357 943 537 1003 exercitibus
561 944 629 1000 ante
651 945 849 1020 trajecerant,
943 959 945 963 '

63 1032 95 1079 et
109 1024 203 1102 prope
218 1022 340 1093 totidem
350 1035 480 1084 rostratae
496 1024 529 1080 in
545 1021 608 1080 illis
624 1021 766 1083 classibus
782 1023 849 1085 fue·

62 1112 149 1174 rant,
168 1112 240 1179 quot
257 1104 399 1162 onerariis
412 1100 520 1182 Scipio¹
533 1112 594 1160 turn
608 1103 781 1181 trajiciebat.
797 1107 848 1180 (1)

62 1181 118 1248 Sed
139 1192 167 1240 ot
188 1181 300 1242 bellurn
314 1181 395 1242 bello
408 1228 416 1254 ‚
434 1181 596 1242 secundum
609 1184 711 1260 priore
725 1192 754 1240 ut
771 1194 849 1243 atro-

62 1262 128 1321 cius
152 1261 292 1322 Romanis
314 1263 484 1336 videretur,
505 1264 573 1323 crim
597 1261 676 1340 qubd
703 1263 736 1320 in
759 1261 848 1326 Iutta

62 1339 242 1415 bellabatur,
256 1354 318 1402 tum
332 1345 467 1422 ingentes
478 1338 589 1420 strages
607 1352 649 1399 tot
660 1339 848 1403 enercituum

63 1420 152 1480 simul
169 1423 252 1481 caesia
273 1422 396 1483 ducibus
411 1422 592 1483 effecerant:
612 1424 671 1496 (2)
695 1434 724 1481 et
742 1422 847 1503 Scipio

61 1499 122 1559 dux
135 1503 243 1580 partim
252 1500 336 1561 iactis
345 1502 487 1575 fortibus,
497 1503 604 1583 partim
615 1501 719 1582 suapte
728 1499 847 1562 fortuna

61 1578 184 1660 quadam
205 1584 336 1660 ingentis
367 1583 400 1643 ad
427 1585 609 1642 incrementa
632 1582 741 1662 gloriae
764 1584 846 1644 cele-

60 1660 181 1734 bratus,
211 1674 396 1724 converterat
427 1665 561 1736 animos3
593 1662 683 1721 simul
707 1673 737 1721 et
762 1681 847 1724 mens
943 1660 950 1671 “

59 1739 123 1821 ipsa
145 1742 335 1823 trajiciendi,
359 1742 434 1804 nulli
454 1745 521 1804 ante
543 1762 579 1801 eo
600 1742 681 1802 bello
697 1743 764 1802 duci
781 1746 847 1802 tenss

58 1831 142 1894 tata,
181 1824 260 1903 qubd
293 1822 331 1884 ad
362 1824 543 1885 Annibalem
568 1821 777 1883 detrahendum
805 1843 846 1884 ex

56 1899 161 1972 ltalia,
179 1903 471 1983 transferendumque
485 1917 515 1964 et
526 1901 687 1964 finiendum
699 1907 730 1965 in
740 1903 843 1964 Africa

58 1976 192 2053 bellum,
219 2003 250 2043 se
279 1985 401 2042 transire
427 1985 604 2060 vulgaverat.
642 1986 842 2044 concurrerat

59 2056 95 2116 ad
116 2061 315 2137 spectaculum
339 2063 372 2119 in
389 2073 509 2141 portum
535 2063 632 2120 omnis
655 2063 760 2136 turba,
782 2082 842 2122 non

58 2136 255 2200 habitantium
276 2141 363 2200 modb
391 2140 545 2222 Lilybaei,
577 2140 626 2200 sed
659 2143 841 2220 legationum

58 2218 190 2287 omnium
209 2242 246 2280 ex
261 2220 384 2292 Sicilia,
405 2240 473 2305 qpoe
494 2229 524 2278 et
545 2219 579 2281 ad
603 2221 841 2301 prosequendum

55 2298 228 2378 Scipionem
245 2299 444 2369 officiicausai
464 2313 660 2362 convenerant
675 2346 698 2376 ,,
712 2314 742 2362 et
764 2321 840 2383 prae-

56 2389 153 2453 torem
179 2383 339 2459 provinciae
360 2381 402 2442 M.
426 2383 621 2461 Pomponium
647 2395 754 2443 secutae
775 2382 841 2441 fue-

37 2469 130 2529 ,rant
153 2458 200 2519 Ad
217 2461 274 2522 hoe
291 2461 425 2539 legiones
440 2481 504 2540 quae
518 2465 550 2522 in
564 2461 667 2523 Sicilia
688 2462 841 2542 relinque·

57 2528 183 2611 bantur,
217 2541 252 2600 ad
280 2540 500 2619 prosequendos
527 2541 746 2604 commilitones
770 2560 840 2624 pro-

56 2621 225 2679 cesserant:
243 2640 297 2681 nec
314 2620 414 2681 classis
434 2620 526 2683 modb
545 2623 803 2704 prospectantibus
820 2622 840 2681 ὁ

91 2779 189 2846 r(Sed
197 2795 223 2833 et
231 2782 331 2837 bellum
339 2783 427 2851 bello)
462 2797 634 2840 converterat
648 2787 754 2840 aninms
773 2787 839 2843 Sci-

55 2845 107 2900 Sed
126 2860 153 2897 et
170 2851 315 2901 secuudum
330 2851 428 2902 bellum
459 2854 507 2930 pr‘o
515 2852 837 2930 dux,pantj1nfactissor·-
887 2863 890 2869 '

54 2915 140 2979 priore
158 2915 228 2966 bello
239 2920 354 2969 atrocius
372 2918 429 2969 Ro·
461 2919 548 2982 rebus,
561 2918 838 2991 parttnrsndptefor-

55 2980 280 3035 manisvidebatur
287 3021 294 3048 ,
305 2998 360 3036 tum
368 2986 429 3052 quia
461 2985 527 3036 tund
537 2984 655 3054 quadum
664 2986 817 3040 celebratus
828 3022 839 3050 ,

56 3045 171 3122 initalia
187 3046 349 3112 bellabatur,
371 3064 428 3101 tum
461 3051 840 3124 tanquamviriugentisglo·

56 3120 427 3228 putatotexercituscaesicum
460 3117 515 3169 rice
523 3119 562 3171 ad
573 3118 759 3175 incrementa,-
776 3134 836 3170 tan-

43 3188 45 3192 ⁴
76 3179 166 3230 usibus
177 3183 241 3248 ipsis
253 3184 284 3236 ab
295 3184 427 3237 Annibale
461 3199 539 3253 quam
549 3185 700 3248 imperator,
711 3183 786 3250 cujus
794 3186 837 3237 in·

56 3244 166 3298 fuerant.
240 3260 242 3265 ’
462 3266 525 3316 gens
541 3249 622 3319 gloria
639 3252 717 3301 nouis
733 3266 837 3317 semper

90 3328 105 3360 2
120 3314 173 3378 (Et
186 3312 281 3385 Scipio
294 3316 369 3384 dux)
390 3317 429 3373 Et
460 3317 633 3372 incrementis
644 3329 804 3386 augesceret.
