2016 3780
72 1661 114 1698 ΗΙ

95 1723 104 1754 l

137 213 207 281 236
366 201 490 276 Trrr
528 199 688 274 'errr

109 308 116 326 ¹
139 309 204 385 siit,
220 323 305 372 suurn
327 307 356 368 irl
376 307 507 378 dedecus
534 318 614 369 ratus
630 351 640 381 ‚
656 318 710 388 pet
722 304 920 384 mediamjan

139 388 255 455 ltaliam
283 391 382 468 vagari
422 389 542 448 Poenutu
566 432 576 461 ‚
605 398 695 466 atque
719 431 728 460 ‚
759 388 921 447 obsistente

140 473 242 544 nullo,
266 471 381 551 adipes
403 465 534 528 Romana
553 468 664 529 moenia
686 470 731 527 ire
746 485 921 548 oppugnan-

54 562 56 567 '
140 554 199 630 ris,
217 550 323 627 ceteris
335 546 474 610 omuibus
485 547 518 605 in
533 547 659 608 consilio
676 547 813 608 salutaria
826 555 922 632 magis

139 635 228 717 quim
248 629 387 712 speciosa
402 625 589 699 suadentibus
605 670 615 700 ‚
640 627 788 706 collegam
802 647 924 716 exapec.

139 723 258 788 tandum
281 725 340 788 ‚ut
360 711 525 795 conjunctis
540 707 743 781 exercitibus,
770 713 923 777 communi

139 806 240 869 animo
275 798 460 877 consilioque
494 811 557 853 rem
598 797 765 868 gererent,
800 797 923 858 iuterim

139 884 272 966 equitatu
286 878 469 958 auxiliisque
487 873 599 934 levium
616 886 763 928 armorum
780 879 816 940 ab
830 877 923 938 effusa

138 961 295 1048 praedandi
310 958 437 1022 licencia
458 956 576 1018 hostem
591 946 811 1039 cohibendum,
829 960 922 1019 iratus

140 1034 924 1120 seexconcilioproripuit‚signumquestmulitine·

132 1123 180 1192 'ris
197 1138 360 1209 pu'gnaeque
379 1124 541 1206 proposuit.
571 1123 646 1202 Quin
660 1119 715 1177 imi
731 1107 843 1182 ‘Arretii
857 1118 924 1181 ente¹

138 1210 244 1273 munia.
258 1210 430 1275 sedeamus,
453 1204 550 1284 inquit
562 1227 573 1261 .·
599 1205 644 1265 ttc
671 1203 745 1260 euim
779 1211 923 1286 patriast

136 1300 254 1372 penates
264 1298 337 1346 eunt.
354 1282 478 1344 Annibal
491 1275 767 1360 eminussnanibus
782 1278 923 1368 perpopuss

139 1369 215 1431 latur
234 1365 369 1436 ltaliam,
384 1364 572 1444 mammisque
587 1376 617 1423 et
633 1368 734 1424 urcnclo
760 1371 872 1439 omniu,
884 1371 924 1426 ad

138 1450 266 1510 Romana
279 1447 379 1504 mania
389 1447 535 1524 perueniat
546 1465 557 1515 ,¹
570 1465 619 1504 nec
634 1441 709 1503 'anti
723 1465 774 1506 nos
789 1448 852 1507 ltine
862 1470 923 1508 nto·

139 1531 277 1594 serimus,
292 1523 394 1604 quim,
412 1525 485 1582 sicut
507 1521 574 1583 olim
599 1521 754 1583 camillum
767 1529 804 1589 ab
820 1529 922 1602 Veiis,

115 1606 178 1694 06.
197 1604 363 1665 Flaminium
381 1601 419 1662 ab
439 1603 551 1663 Arretio
563 1604 667 1663 Patres
681 1608 839 1670 asciverint.
923 1640 930 1658 -.

106 1733 119 1746 .
182 1686 265 1750 xlv.
283 1683 352 1744 llaec
366 1681 457 1742 simul
477 1681 647 1764 increpans,
658 1682 733 1742 clun
745 1688 929 1768 ociussigua·

50 1798 59 1818 ·
139 1765 272 1831 ,convelli
289 1765 428 1844 juberet,
447 1765 555 1844 etipse
566 1768 598 1827 in
613 1782 722 1845 equum
738 1772 922 1842 insiluisset,

141 1865 234 1928 equus
264 1843 388 1924 repente
418 1846 530 1905 corruit
552 1890 561 1920 ,
581 1844 791 1931 consulemque
806 1851 923 1934 lapsum

140 1945 230 2008 super
240 1935 328 2006 caput
342 1923 457 1984 effudit.
480 1924 608 1988 Territis
622 1927 759 1993 omnibus
774 1933 827 2013 qui
842 1930 922 1994 circi

138 2019 247 2082 erant,
269 2004 351 2065 velut
375 2004 457 2066 foedo
475 2006 576 2067 omine
591 2008 769 2089 incipienda
787 2015 851 2085 rei,
878 2013 923 2071 in·

139 2106 228 2169 super
249 2085 428 2158 nunciatur,
455 2088 573 2167 signum
603 2089 684 2147 omni
718 2093 748 2153 vi
780 2095 922 2156 moliente

139 2165 284 2246 signifero
307 2164 434 2228 convelli
457 2171 591 2251 nequire.
612 2171 777 2234 Conversus
795 2175 830 2235 ad
847 2193 922 2233 nun-

139 2249 232 2309 cium.
245 2247 292 2326 (7)
303 2247 375 2307 Num
393 2246 505 2333 litterae
517 2272 640 2333 quoquc,
653 2253 764 2330 inquit,
775 2253 811 2314 ab
822 2266 923 2316 senatu

139 2332 229 2402 qfsers
246 2371 255 2400 ,
268 2347 329 2404 quer
342 2347 455 2388 merem
475 2351 574 2408 gerere
588 2344 681 2392 vetent
692 2336 700 2391 l
718 2334 790 2406 Abi,
801 2337 900 2394 nuncia
911 2376 921 2406 ‚

57 2464 64 2471 ,
138 2412 253 2490 signum
269 2407 408 2475 effodiant
418 2449 427 2479 ‚
438 2408 464 2467 ei
483 2414 522 2469 ad
533 2410 740 2473 convellendum
756 2433 855 2475 munus
863 2426 923 2495 pr‘oe

139 2500 215 2551 metu
226 2486 427 2564 obtorpuerint.

178 2567 233 2630 Xl.
260 2563 400 2627 incedere
425 2564 496 2626 inde
519 2585 626 2648 agmen
644 2571 760 2652 coepit,
780 2572 923 2655 primori-

139 2646 193 2708 bus
207 2690 217 2718 ,
232 2665 320 2727 super
337 2645 427 2725 quim
438 2647 516 2726 quod
531 2649 755 2712 dissenseranti
774 2653 924 2724 consilio,

138 2728 252 2788 territis
274 2727 363 2801 etiarn
381 2726 496 2808 duplici
515 2730 655 2812 prodigio
670 2759 679 2808 3
697 2731 793 2794 milite
813 2733 845 2790 in
857 2732 924 2792 rul-

174 2933 299 3000 7(Nurn
316 2933 464 3050 liquam...
480 2936 515 2989 ab
549 2950 634 2998 esset,
647 2937 739 2992 litteris
753 2939 870 2993 isenatu
884 2940 925 2993 af·

140 3016 236 3055 serrata
243 2997 345 3068 affers)
367 3017 386 3051 u
396 2999 449 3053 hoc
461 3000 515 3055 dic·
531 3056 534 3062 ,
548 3005 672 3066 ferentur,
681 3007 776 3073 quibus
788 3008 924 3060 vetabatur

139 3083 168 3122 to
198 3069 306 3136 respicit
329 3067 474 3120 Flaminius
487 3070 515 3122 id
548 3085 680 3127 certamen
693 3075 926 3144 committere,ju-

78 3156 82 3168 ·
140 3137 211 3205 quod
224 3136 277 3202 ipsi
292 3135 377 3202 primo
389 3152 437 3188 suo
448 3153 516 3189 cou·
548 3141 707 3210 bebaturque
743 3145 817 3212 quasi
853 3144 922 3193 vitio

141 3203 227 3278 sulstu
247 3203 392 3266 acciderat,
409 3215 440 3255 ut
452 3201 515 3256 clm
548 3220 671 3270 creatus,
699 3210 782 3263 redire
793 3208 796 3213 ’
807 3211 921 3262 Rornam

138 3277 194 3337 qaia
204 3270 234 3322 in
243 3282 389 3341 conspectu
397 3269 515 3327 hostium
547 3291 583 3343 ur,
593 3276 761 3333 consulatum
781 3277 924 3339 materna.
