2062 3786
210 198 274 284 154
433 199 763 277 T1u1L1v11'

207 305 278 381 (20)
286 301 395 386 publici
404 309 483 386 queri
497 306 618 379 uellent,
633 331 665 369 ea
676 332 736 392 qua
744 312 951 387 locrisnefarii
962 323 993 381 in

206 389 273 444 deos
290 385 466 466 hominesque
480 390 565 458 facta
578 401 673 449 essent
682 382 762 469 iussu
783 407 834 453 aut
848 397 992 459 uoluntate

206 466 242 527 P.
261 465 398 547 Scipionis
411 470 491 533 facta
508 488 589 537 esse,
615 468 726 548 legatos
744 476 889 539 mitterent
906 481 993 540 Mes.

206 568 303 607 sunam
315 568 327 618 ,·
350 545 390 604 itt
404 567 434 607 ee
447 567 508 606 cum
521 547 637 627 consilio
648 554 835 628 cogniturum.

77 637 194 744 '‘MT''
243 648 328 710 XXl.
346 646 508 709 Locrenses
521 648 638 731 prssaetori
653 651 839 733 legatisque,
860 669 891 716 et
906 670 996 721 sens.

76 715 128 804 ,ὦ
141 714 193 807 3⁰„-
203 727 246 786 tui
264 746 297 787 ac
309 728 422 809 populo
434 728 570 790 Romano
583 732 690 807 gratias
702 734 790 810 egire
804 755 810 792 :
825 759 855 796 sc
866 743 904 798 ad
919 740 992 800 Ple·

72 817 168 876 pionen
198 811 318 875 minium
331 815 516 870 accusantium
529 815 626 872 ituros.
642 812 815 892 Scipionem,
826 836 988 896 quanquam

75 889 185 925 “ma“
197 891 296 969 panim
314 891 424 969 injuriis
447 893 569 951 ciuitatis
593 913 650 949 sua
674 891 815 964 doluerit,
835 914 896 952 eum
922 915 987 953 esse

200 971 311 1040 uirum,
334 991 414 1049 quern
424 971 543 1029 amicum
556 968 610 1027 sibi
625 968 705 1047 quim
722 972 863 1030 inimicum
879 973 988 1033 malint

200 1069 271 1109 esse.
290 1048 346 1108 Pro
364 1059 438 1107 certo
461 1069 491 1109 se
507 1046 609 1107 tabere
627 1090 637 1119 ,
666 1071 753 1131 neque
767 1052 873 1128 jussu,
897 1074 989 1133 neque

199 1126 342 1189 uoluntate
356 1128 389 1189 P.
408 1126 544 1209 Scipionis
557 1140 598 1189 tot
612 1139 671 1189 tam
691 1132 812 1199 nefanda
826 1135 988 1198 commisso.

200 1208 259 1269 Aac
278 1208 416 1269 Pleminio
428 1210 564 1280 nimiim,
593 1222 645 1269 aut
661 1211 716 1269 sibi
729 1211 826 1289 panim
839 1213 988 1272 creditum.

200 1289 309 1349 Norunt
324 1291 438 1349 insitum
452 1286 618 1369 quibusdum
631 1310 691 1349 esse
704 1333 713 1361 ‚
728 1302 759 1350 ut
771 1293 864 1368 magis
873 1295 989 1371 peccari

199 1369 317 1443 nolint,
336 1368 420 1452 quim
435 1370 612 1430 satis'animi
626 1373 664 1430 od
684 1372 849 1431 uindicanda
867 1384 987 1452 peccatu

198 1448 330 1510 habeant.

239 1551 341 1616 xxti.
356 1554 394 1615 Et
414 1551 534 1633 praetori
549 1563 580 1611 et
596 1551 723 1613 consilio
742 1551 821 1614 haud
836 1553 988 1623 mediocre

200 1652 275 1694 onus
299 1631 453 1715 demptum
472 1643 535 1696 emt
553 1631 592 1693 de
615 1632 753 1713 Scipione
779 1635 989 1712 cognoscendi.

199 1715 380 1776 Pleminium
408 1757 418 1788 ,
454 1723 485 1772 et
509 1712 544 1772 ad
573 1711 632 1772 duo
651 1724 681 1773 et
707 1713 828 1792 triginta
852 1715 990 1781 homines

200 1815 269 1856 cum
289 1794 546 1854 eodemnaverunt
570 1837 579 1866 ,
618 1798 707 1869 atque
725 1793 757 1851 in
789 1797 902 1854 catenis
924 1794 989 1855 lio-

198 1894 278 1934 mam
304 1874 449 1933 miserunt
475 1893 482 1930 τ
512 1871 572 1950 ipsi
596 1872 630 1930 ad
657 1871 830 1950 Scipionem
859 1874 990 1952 profecti

199 1963 289 2027 sunt,
316 1966 350 2013 ut
372 1969 546 2032 aequoque
566 1969 630 2028 quse
652 1949 766 2028 vulgata
796 1955 990 2017 sermonibus

200 2045 283 2094 erant
299 2031 336 2093 de
356 2033 438 2094 cultu
451 2050 486 2092 ac
498 2026 615 2090 desidit
630 2029 817 2111 imperatorie
832 2076 841 2103 ,
871 2034 989 2096 soluit-

200 2135 257 2192 que
275 2113 391 2174 militiae
411 2110 601 2196 disciplini,
637 2123 790 2195 comperta
811 2113 906 2174 oculis
920 2135 990 2197 per-

199 2195 311 2258 ferrent
323 2194 461 2255 Romam.

100 2274 186 2337 Scipio
239 2286 355 2352 XXlll.
376 2283 575 2351 Venientibus
594 2283 638 2343 eis
656 2284 841 2365 Syracusas,
879 2286 990 2366 Scipio

70 2352 273 2445 {iiianssiren
312 2386 371 2426 non
394 2365 482 2427 rerba
504 2363 542 2424 ad
566 2363 749 2443 purgandum
773 2384 838 2427 sese
857 2370 989 2446 pararit.

68 2472 180 2520 pargan-
199 2447 373 2512 Exercitum
396 2464 516 2505 ornnem
532 2444 569 2502 eo
582 2446 767 2519 convenire,
790 2442 909 2521 classem
928 2466 991 2521 en-¹

70 2518 124 2600 Ψ
162 2535 187 2567 ⁸²
199 2529 294 2612 pediti
307 2527 413 2608 jussit,
437 2535 572 2611 tanquam
587 2521 789 2609 dimicantium
800 2545 836 2586 eo
846 2524 893 2584 die
904 2528 989 2591 terrt's'

68 2587 151 2633 Μ’
199 2609 334 2690 murique
350 2626 418 2670 cnm
435 2604 731 2684 Carthaginiensibus
746 2618 833 2667 esset.
851 2600 988 2687 Quodis

199 2700 344 2754 venerunt
376 2685 509 2770 hospitio
527 2687 655 2759 comiter
676 2686 823 2769 iccepti-,
861 2682 986 2768 pustero'

198 2771 248 2832 die
268 2779 437 2836 tetrastrem
459 2766 650 2848 navalemque
676 2766 825 2827 nescitus
847 2786 908 2826 non
924 2768 988 2830 ins·

199 2863 311 2914 tructos
325 2850 432 2922 modo,
461 2846 514 2909 sed
531 2847 586 2909 hos
601 2848 791 2908 decurrentes
809 2891 818 2919 ‚
853 2848 986 2912 classem

135 2958 139 2967 ¹
198 2933 364 3028 inportu,
391 2931 583 2991 simulacrum
609 2939 638 2988 et
663 2928 758 3010 ipsam
776 2925 914 2989 edentem
930 2948 985 2991 na·

198 3013 272 3075 valrs
291 3031 426 3096 pugnae,
448 3011 603 3091 ostendit:
626 3019 688 3067 turn
715 3005 793 3067 circi
813 3025 986 3071 armamen-

198 3097 273 3156 taria
285 3107 315 3154 et
330 3095 434 3155 horrea
449 3093 596 3168 aliumque
610 3086 682 3153 betti
700 3095 872 3167 apparatum
886 3092 984 3167 visen.

198 3177 267 3237 dum
280 3188 391 3256 praetor
401 3168 649 3251 legatiqueducti.
663 3164 815 3249 Tantaque
823 3168 984 3243 admiratio

198 3257 378 3339 singularum
403 3248 665 3335 universarumque
700 3268 799 3311 rerum
824 3248 940 3311 incussa
968 3294 981 3325 ,

230 3414 263 3452 ao
272 3399 293 3465 ‚(
303 3396 420 3455 Pulliae
431 3396 441 3466 )
455 3395 573 3457 Nomine
584 3407 640 3449 sue
651 3390 778 3447 civitatis.
