2016 3780
150 151 485 261 'Nunnuure
533 189 658 260 XLI.
797 192 841 261 65

58 313 161 358 cursus
177 293 330 353 hominum
347 290 548 369 effingenlium
561 311 634 352 vane
649 289 756 352 auditis
771 334 780 364 ‚
797 302 844 352 lo·

60 386 122 434 lam
145 374 250 433 urbem
268 374 444 432 conciuerat.
458 371 593 431 Plorelue
615 371 773 431 mulierum
786 390 846 430 non

62 450 230 533 expriretie
242 450 480 512 eullrmdomibue
487 449 700 511 exaudiebatur
709 473 722 524 ,¹
734 453 783 509 sed
792 471 846 509 un.

16 589 19 594 .
60 533 150 610 dique
171 542 310 592 malronae
328 533 359 589 in
375 529 530 612 publicum
546 528 647 591 effueae
666 528 848 591 circinum

59 611 179 672 delubre
193 610 380 681 discurrunt,
393 610 527 671 crinibus
539 611 633 688 persis
648 627 711 669 eras
726 629 846 668 verren-

61 701 106 750 lee
118 734 127 764 ‚
138 693 214 750 nixu
228 691 353 768 genibus
365 734 375 763 ‚
387 691 510 768 supinae
524 708 626 750 menue
642 689 675 748 ed
688 689 797 749 coelum
810 708 845 749 ec

60 769 134 830 deos
150 769 321 842 tendentes,
338 781 514 850 orantesque
527 780 558 829 ul
575 770 678 829 urbem
691 768 845 829 Romame

56 849 193 910 menibus
207 849 529 928 hoellumeriperenl,
551 860 716 926 matresque
734 847 846 908 Roma·
925 906 932 917 ,

55 949 110 990 nen
121 942 150 988 et
164 931 276 990 liberos
289 948 395 1007 parvos
410 930 570 989 inviolatos
581 936 741 989 servarent.
755 928 848 988 Sene-

59 1018 108 1068 tue
117 1010 336 1085 magistralibus
346 1011 377 1068 in
388 1009 454 1067 loro
465 1009 572 1088 praeell)
583 1020 643 1080 eet,
655 1009 682 1066 ei
693 1006 763 1086 quid
773 1025 846 1067 con·

58 1088 156 1146 eulere
167 1087 270 1145 velint.
280 1088 339 1146 nni
352 1089 505 1163 accipiunt
515 1088 644 1168 imperia
654 1129 663 1157 ,
673 1085 845 1146 discedunt-

59 1186 116 1245 que
132 1166 166 1226 ad
176 1185 241 1227 uuas
255 1168 381 1244 quisque
392 1164 556 1227 officiorum
592 1178 685 1227 artee:
703 1164 757 1224 elii
768 1164 846 1225 olfe-

59 1257 127 1304 runt
142 1265 191 1318 ee,
207 1247 232 1305 ei
244 1247 381 1322 qudueus
398 1248 557 1327 operuerit.
571 1188 709 1307 lraeeidie
720 1245 844 1317 marce,

58 1324 91 1383 in
103 1325 254 1405 Cepilolio
268 1369 278 1397 ‚
292 1327 324 1384 in
337 1328 450 1397 muris,
465 1325 544 1386 circi
557 1328 661 1387 urbem
674 1369 683 1397 ,
698 1325 731 1383 in
742 1335 844 1385 monle

59 1404 149 1464 eliam
165 1404 281 1463 Albano
292 1418 377 1483 alque
393 1423 462 1465 erce
475 1404 614 1466 AEeulene
628 1414 788 1483 ponuntur.

98 1482 184 1547 XVI.
208 1483 289 1542 lnler
312 1485 390 1543 hunc
404 1482 560 1543 tumultum
577 1485 617 1562 Q.
634 1482 755 1543 Pulviue
772 1501 843 1563 pre·

59 1562 163 1623 consul
178 1561 308 1621 advenit.
333 1563 382 1639 (1)
405 1564 465 1624 Cui
491 1583 529 1620 ne
552 1562 733 1622 minueretur
746 1564 845 1642 impe·

56 1643 153 1714 rium,
173 1642 200 1702 ei
226 1643 257 1700 in
278 1642 381 1701 urbem
397 1643 525 1702 venisset
537 1684 547 1714 ‚
558 1643 691 1702 decernit
705 1652 845 1715 renatue3

56 1733 91 1782 ut
117 1725 155 1803 Q.
180 1721 286 1783 Fulvio
314 1742 365 1801 per
393 1743 460 1782 cum
485 1717 655 1782 consulibus
684 1720 846 1800 imperium

55 1814 153 1867 essen
166 1802 253 1865 Porta
273 1802 392 1885 Capena
415 1822 484 1863 curn
500 1805 635 1863 exercitu
659 1799 783 1861 Romam
800 1801 846 1861 in·

54 1879 846 1966 grersunmediiurbeperCerineeEequiliaecouten·

56 1964 103 2022 dit
118 1991 128 2038 ;
147 1964 218 2025 inde
229 1967 377 2042 ingrersus
389 1968 467 2026 inler
480 1959 663 2046 Esquilinam
677 1963 843 2026 Collinam-
917 2010 920 2014 .

57 2061 116 2124 que
133 2054 251 2120 portam
263 2049 361 2122 posuil
374 2057 479 2106 caetra.

97 2122 197 2184 XVll.
218 2125 298 2184 luter
317 2126 378 2185 haec
404 2120 532 2182 Annibal
564 2121 602 2181 ed
627 2119 772 2182 Anienem
785 2119 842 2181 llu-
855 2108 969 2218 ffflff

56 2202 156 2275 vium,
168 2202 224 2261 trie
248 2202 341 2262 millia
361 2220 499 2279 persuum
516 2200 553 2261 ab
576 2202 650 2261 urbe
664 2245 673 2273 ‚
687 2210 782 2261 caetra
796 2201 842 2260 ed·
856 2242 906 2275 nem
917 2246 957 2277 cas

56 2283 158 2342 movit.
171 2282 214 2341 lbi
224 2283 345 2342 'stativis
357 2283 482 2360 positis,
495 2280 562 2359 ipse
573 2279 763 2341 cumdnobue
775 2279 843 2339 mil·
855 2291 969 2339 earnem

52 2361 135 2420 libus
152 2363 285 2440 equitum
301 2361 318 2420 l
333 2373 420 2440 porra
434 2361 556 2422 Collina
574 2360 714 2440 unque-ad
730 2361 843 2420 Hercu·

56 2441 97 2500 lie
107 2441 249 2521 templum
258 2451 302 2500 est
317 2459 490 2520 progressus
502 2461 509 2499 ι
522 2440 693 2516 alqueunde
705 2441 842 2522 proxime

55 2530 185 2600 polemi,
196 2522 304 2579 muenia
319 2523 467 2597 ritumque
488 2518 569 2579 urbis
584 2519 759 2599 obequilane
770 2539 843 2581 con·

59 2598 268 2676 lemplebalur.
287 2598 317 2658 ld
336 2619 403 2657 eum
425 2609 485 2657 tem
500 2597 627 2657 licenter
648 2600 842 2677 etqueolioed
932 2655 935 2662 .

55 2677 153 2740 fecere
162 2676 269 2740 Flacco
284 2677 441 2755 indignum
454 2678 547 2736 viuum
559 2688 613 2737 est.
629 2677 730 2756 ltaque
744 2680 844 2739 immi-

55 2760 93 2819 eil
105 2758 221 2836 equites
234 2802 242 2830 ‚
255 2758 482 2833 submoverique
495 2766 583 2834 atque
595 2758 627 2816 in
641 2767 735 2823 cestra
747 2759 841 2838 redigi

53 2837 184 2899 hoellum
199 2837 363 2916 equitatum
376 2836 471 2915 jussit.
480 2835 556 2897 Crlm
566 2838 757 2897 commissum
768 2858 841 2918 prae-

55 2916 129 2978 lium
152 2917 406 2990 eese1‚consulee
434 2914 595 2992 transfugae
618 2916 840 2991 Numidarum,

55 2998 106 3078 qui
126 3009 187 3056 lum
199 2998 229 3055 in
241 2998 387 3056 Aventino
397 2995 432 3055 ed
446 2993 529 3055 mille
545 3008 575 3055 et
588 2995 731 3056 ducemne
745 3007 841 3069 erant,

92 3132 200 3198 1(θαί
209 3151 242 3184 ne
263 3133 432 3185 nn'nueretur
464 3131 613 3197 imperandi
637 3130 688 3198 jue.
722 3132 755 3182 ln
778 3131 841 3183 urbe

56 3198 225 3266 irnperr'um,
245 3197 271 3250 ri
292 3198 321 3250 in
338 3199 432 3249 urbem
466 3200 538 3247 enirn
556 3213 604 3262 pro
623 3195 734 3247 consule
759 3213 841 3248 nemu

58 3265 197 3329 vetuisset)
217 3266 258 3315 Ne
272 3263 433 3317 Fulviusin·
465 3262 517 3314 heb
553 3274 579 3313 nt
604 3263 771 3328 imperium,
794 3263 845 3325 ned

58 3329 150 3381 nendo
183 3330 273 3382 urbem
302 3332 433 3384 emitteret
466 3341 512 3389 rau
583 3341 655 3383 exne
673 3328 774 3388 urbem.
