2016 3780
160 174 232 255 188·
390 159 516 238 'rm
562 140 723 234 Ltvrr

155 276 243 335 nibus
258 269 429 343 mittendis,
442 267 571 331 tinnibal
583 312 593 340 ,
605 269 674 346 quia
684 266 791 326 fessum
808 262 939 326 militent

154 354 273 435 praeliis
288 352 485 434 operibusque
495 349 636 420 habebat,
652 367 811 427 paucorum
824 348 864 405 iis
874 347 938 405 die·

155 449 223 504 tum
242 433 372 512 quietem
393 429 496 502 dedit;
519 427 697 489 stationibus
719 427 757 487 ad
774 424 952 487 custodiam

155 513 305 580 vinearum
326 513 511 588 aliorumque
533 527 656 588 opernm
673 505 835 586 dispositis.
862 505 940 564 inte·

154 593 213 652 rim
232 592 345 651 animos
367 609 469 650 eorum
489 607 567 648 nunc
588 588 634 648 iri
658 588 689 645 in
712 587 811 647 hostes
831 587 939 646 stimu-

154 670 260 743 lando,
276 690 353 730 nunc
368 689 421 748 spe
432 668 622 751 premiorum
642 665 789 727 accendit.
813 667 852 726 Ut
869 665 939 723 verb

143 769 213 834 ,pro
234 751 377 809 concione
398 746 524 826 predam
544 756 636 826 captae
651 746 731 806 urbis
747 745 842 805 edixit
862 744 941 804 mili·

155 841 218 898 tum
241 828 322 903 lore,
340 827 413 888 edeb
431 825 548 886 accensi
569 844 673 895 omnes
695 837 785 897 sunt,
807 835 860 897 ut,
888 826 938 898 si,

155 909 307 990 extemplb
325 909 444 987 signum
465 907 563 966 datum
583 915 682 978 esset,
701 901 780 965 nulli
795 906 823 964 vi
839 906 939 965 resisti

154 990 304 1050 videretur
315 1008 411 1068 posse.
421 987 589 1065 Saguntini,
602 996 634 1047 ut
649 984 795 1065 dpreeliis
806 985 939 1064 quietern

154 1069 334 1142 habuerant,
352 1087 408 1129 nec
429 1067 633 1139 lacessentes,
654 1084 709 1124 nec
730 1066 862 1127 lacessiti
885 1086 938 1145 per

155 1149 266 1228 aliquot
281 1149 368 1223 dies;
394 1150 436 1207 ita
457 1164 514 1204 non
530 1155 639 1218 nocte,
665 1165 725 1206 non
741 1145 791 1205 die
811 1165 849 1216 un
872 1165 939 1206 uam

154 1239 338 1291 cessaverant
356 1229 392 1289 ab
412 1245 521 1305 opere,
541 1235 573 1284 ut
592 1243 699 1285 novum
714 1245 862 1286 musume
903 1245 939 1286 ea

154 1319 261 1390 perte,
283 1305 340 1387 qut
363 1305 543 1392 patefactum
567 1304 710 1387 oppidum
735 1307 829 1368 ruinis
851 1317 936 1380 erat,

154 1386 320 1448 reficerent.

194 1467 294 1532 xxii.
320 1464 391 1528 Inde
405 1464 596 1548 ,oppugnatio
617 1487 668 1528 eos
691 1461 840 1547 aliquantis
862 1477 938 1527 stre·

155 1546 238 1621 cior,
255 1549 343 1627 quim
362 1547 455 1619 ante,
477 1547 577 1607 adorta
591 1558 636 1608 est
655 1569 662 1606 ε
689 1567 767 1619 nec,
789 1547 849 1627 qud
874 1547 938 1624 pri·

154 1629 263 1701 mum,
291 1638 343 1687 aut
368 1627 561 1707 potissinuim
583 1636 665 1705 parte
688 1626 800 1688 ferrent
822 1645 936 1708 opem,

153 1707 222 1768 sirm
239 1709 339 1768 omnis
354 1707 442 1766 variis
457 1706 634 1767 clamoribus
657 1717 844 1788 streperent,
866 1705 938 1766 satis

152 1789 230 1847 scire
254 1796 400 1866 poteraut.
426 1784 496 1864 Ipse
520 1785 667 1859 Annibal,
692 1788 748 1865 qud
767 1788 856 1847 turris
872 1805 937 1846 mo·

151 1866 222 1925 bilis
246 1868 346 1928 omnia
361 1866 546 1924 munimenta
565 1864 644 1925 urbis
670 1884 809 1947 superans
834 1867 937 1928 altitu·

152 1945 245 2016 dine,
272 1945 433 2024 agebatur,
459 1944 590 2005 hortator
616 1943 736 2008 aderat.-
764 1949 846 2027 Quae
867 1966 935 2009 cum

152 2026 286 2100 admota,
312 2028 379 2106 (17)
388 2025 554 2106 *catapultis
571 2026 754 2106 ballistisque
769 2046 822 2108 per
837 2028 936 2087 omnia

152 2109 282 2171 tabutata
302 2105 475 2190 dispositis,
494 2127 593 2178 mutos
606 2106 808 2172 defensoribus
825 2109 937 2172 nudae

152 2203 196 2250 set
207 2217 215 2263 ;
239 2201 300 2266 tum
323 2186 450 2250 Annibal
472 2192 659 2251 occasionem
671 2203 773 2265 retus,
792 2191 937 2271 quingen·

152 2281 199 2331 tos
222 2270 316 2329 ferme
337 2269 423 2344 Afros
445 2290 511 2330 cum
533 2270 665 2332 dolabris
684 2271 723 2333 ad
740 2273 936 2334 subruendum

152 2351 190 2410 ab
211 2348 271 2409 imo
287 2368 405 2408 murum
423 2349 524 2409 mittit.
550 2354 612 2412 Nec
627 2365 689 2412 erat
708 2351 829 2413 difficile
844 2373 937 2435 opus,

152 2428 229 2508 qubd
258 2437 397 2507 caementa
419 2447 478 2497 nou
503 2433 586 2492 celce
607 2431 705 2492 durata
730 2446 814 2495 erant
838 2483 847 2510 ,
882 2438 937 2498 sed

152 2507 283 2569 interlita
306 2507 392 2581 luto,
417 2519 571 2581 structure
590 2512 713 2590 antique
729 2534 847 2594 genere.
876 2518 937 2580 lta-

153 2608 210 2669 que
229 2587 298 2666 (ιὸ)
315 2587 509 2684 letidsqulm
527 2590 708 2666 cederetur,
724 2598 828 2657 ruebat
844 2620 850 2657 ε
869 2619 940 2678 per.

152 2688 210 2745 que
226 2681 357 2748 patentia
376 2689 469 2733 ruinis
486 2674 605 2752 agmina
627 2686 805 2736 armatorum
832 2678 863 2735 in
888 2700 937 2738 ur-

150 2744 220 2806 bem
236 2747 390 2806 radebant.

189 2852 218 2901 ¹7
241 2835 415 2903 (Catapultis
428 2837 527 2893 bailis-
560 2845 587 2898 di
605 2858 722 2910 creptum
742 2857 791 2894 est.

153 2901 263 2982 tisqqe)
286 2902 453 2982 Antiqqittls.
468 2905 526 2958 haec
595 2911 744 2977 18(Latibs
773 2908 936 2965 udmcoede.

153 2969 206 3020 duo
225 2965 316 3020 sedulb
329 2968 410 3018 drstsn
427 2986 526 3022 urmes
559 2988 642 3040 retur,
652 2928 936 3041 ruebatiitnpectddo-

153 3047 216 3087 erat.
226 3033 382 3104 Catapuitis
391 2984 459 3096 teia,
473 3037 526 3101 bal·
558 3038 644 3103 labra,
660 3057 717 3090 non
725 3040 752 3091 id
763 3040 864 3093 tantdm
876 3050 936 3095 rue:

152 3099 220 3154 listis
241 3117 303 3153 saxa
320 3101 526 3176 torquebantur.
561 3104 619 3167 bat,
630 3107 699 3174 quod
706 3107 790 3159 ictum
799 3120 854 3160 erat
864 3149 870 3172 ,
882 3113 934 3161 'sed

153 3168 527 3234 Ballistaemeperiserentmo-
561 3185 588 3224 et
603 3175 693 3225 vicina
713 3191 825 3244 quoque.
844 3176 882 3227 Ita
903 3195 934 3227 ue

152 3236 187 3289 iis
204 3235 282 3306 qubm
303 3236 450 3302 catapultas.
475 3237 527 3290 Sed
560 3239 638 3292 latior
662 3254 716 3292 erat
738 3244 830 3307 ruina,
854 3260 870 3311 q
890 3261 934 3295 ern

152 3303 340 3368 posterioribus
365 3306 526 3372 temporibus
561 3323 591 3358 ea
610 3324 670 3374 pars
684 3310 752 3360 muri
770 3326 827 3379 quse
846 3327 933 3378 caesa,

55 3410 64 3421 .
153 3379 292 3443 utrumque
303 3386 403 3426 nomen
413 3371 527 3428 confun-
560 3376 617 3430 sive
630 3375 684 3431 icta
695 3377 788 3434 lueres
