2016 3780
184 144 460 230 Nannnur'o
501 154 721 227 XXXIII.
778 165 840 248 193

18 306 23 316 .
59 258 156 323 aiensi
171 262 283 323 bellum
299 261 402 321 indici.
425 260 555 339 Eiusque
576 257 649 318 belli
668 258 755 318 causa
771 278 841 337 sup-

58 340 185 423 plicatio
202 363 255 418 per
272 343 376 401 urbem
396 340 515 413 habita,
539 350 625 418 atqua
642 337 753 397 adorati
774 337 843 411 dii,

58 434 92 484 ut
117 425 192 482 bene
210 442 244 483 ac
258 421 387 482 feliciter
400 423 551 492 eueniret,
569 420 647 499 quod
664 417 773 477 ballum
789 436 845 496 po-

58 502 147 584 pulus
161 502 308 563 Romanus
321 501 463 577 iussisset.
487 499 565 561 Tum
581 497 751 577 provincIas
768 516 843 556 con-

58 580 138 641 sules
150 583 251 640 sortiri
262 583 345 662 jussi.
369 579 512 642 Cornelio
528 580 689 659 Hispania,
704 579 842 658 Sempro-

57 662 111 723 nio
133 660 233 739 Africa
247 680 315 722 cum
329 660 435 722 Sicitia
447 662 555 720 evenit.

99 752 137 813 ll.
157 752 209 813 llis
225 764 314 833 atque
326 752 426 812 multis
442 753 512 811 eliis
526 748 718 831 comparatis,
735 759 767 808 ut
780 767 841 806 um·
877 756 969 829 segari

57 831 106 901 nia
123 835 198 910 justa
214 836 282 892 anta
298 832 408 892 bellum
430 830 554 903 fierent,
575 833 691 908 legatos
714 832 840 907 majores
851 833 928 925 '2¹22

57 923 149 985 natu,
179 913 326 993 Quintum
356 911 509 983 Fabium,
534 912 669 972 Marcum
693 909 812 970 Liuium
829 890 956 1002 agriem?

57 991 181 1055 Laelium
206 993 382 1066 AEmilium,
412 993 517 1054 Caium
539 991 714 1062 Licinium,
741 990 841 1069 Quin-

58 1083 120 1131 tum
136 1071 292 1147 Baebium,
310 1077 341 1133 in
359 1071 487 1133 Africam
507 1072 627 1131 mittunt
644 1070 678 1131 ad
695 1086 848 1151 perennc-¹

58 1149 162 1210 tendas
175 1150 456 1232 Carthaginienses,
481 1151 634 1212 Publicone
649 1150 764 1211 consilio
781 1148 841 1208 Aa·

58 1231 137 1291 nibal
160 1232 316 1312 Saguntum
340 1237 550 1314 oppugnasset?
572 1233 610 1292 Et
633 1232 681 1301 sir
705 1230 736 1289 irl
760 1225 840 1309 qucrl

10 1360 18 1370 .,
56 1309 163 1372 lecturi
179 1313 376 1383 videbantur,
398 1312 580 1383 faterentur,
598 1331 632 1371 ac
650 1307 841 1370 defenderant

56 1389 180 1469 publico
200 1392 328 1450 consilio
347 1392 479 1464 lactum,
500 1402 532 1451 ut
548 1391 710 1451 indicerent
727 1389 840 1473 populo

56 1468 294 1546 Carthaginiensi
313 1470 434 1530 bellum.

100 1559 156 1621 111.
189 1560 316 1620 Romani
339 1559 494 1640 postquam
516 1559 727 1638 Carthaginem
750 1580 841 1619 vene·

56 1650 149 1712 runt,
177 1640 245 1701 cium
263 1651 379 1701 senatus
401 1640 483 1701 datus
501 1653 606 1713 assat,⁴
623 1652 652 1699 et
673 1643 711 1720 Q.
732 1641 840 1702 Fabius

58 1721 137 1781 nihil
156 1720 230 1780 ultra
249 1721 461 1802 quamnam,
479 1720 556 1800 quod
572 1720 736 1781 mandatum
753 1730 838 1794 erat,

57 1813 264 1882 percunctatus
278 1813 374 1876 esset;
404 1813 467 1863 tum
486 1823 523 1862 ex
545 1799 839 1880 Carthaginiensibus

58 1901 134 1941 unus
157 1901 164 1939 τ
190 1884 238 1958 (1)
259 1885 387 1964 Praeceps
402 1898 512 1956 rastra,
541 1887 659 1945 Romani
671 1915 684 1959 ·,
712 1899 742 1944 et
759 1888 838 1966 prior

60 1964 87 2021 le
109 1967 166 2020 atio
179 1966 263 2034 fuit,
286 1965 344 2022 calm
362 1965 527 2023 Annibalem
544 1976 675 2043 tanquam
699 1987 748 2025 suo
770 1986 838 2022 con-

60 1984 125 2098 silio
147 2039 303 2118 Saguntum
318 2054 523 2122 oppugnantem
540 2043 738 2119 deposcebatis.
755 2040 843 2101 Cete-

63 2119 120 2176 rum
135 2116 191 2174 bara
202 2118 309 2194 legatio
323 2119 413 2180 uerbis
426 2123 516 2180 adbuc
530 2120 617 2178 lenior
628 2133 693 2191 est,
713 2143 743 2179 re
758 2143 841 2200 aspa-

63 2197 129 2255 rior.
164 2196 331 2256 Turranius
354 2197 478 2258 Annibal
502 2210 532 2256 et
556 2197 789 2272 insimulabatur,
813 2210 851 2258 at·

61 2280 270 2355 depascebatur.
294 2277 373 2336 Nunc
397 2277 433 2336 ab
454 2277 534 2336 nobis
555 2290 583 2337 et
603 2281 737 2348 confessio
753 2276 842 2358 culpae

62 2359 234 2436 exprimitur
244 2378 256 2428 ;
281 2368 331 2428 et,
355 2370 387 2417 ut
408 2357 425 2416 al
446 2361 601 2430 confessis,
630 2379 675 2420 ras
698 2358 842 2438 extempl&

64 2448 235 2515 repetuntur.
268 2437 333 2516 Ego
357 2449 450 2498 autem
472 2460 526 2497 nou
541 2481 550 2509 ,
568 2442 678 2518 priuato
697 2437 844 2519 publicone

64 2513 179 2575 consilio
196 2515 352 2594 Saguntum
376 2531 566 2599 oppugnatum
586 2521 646 2590 sit,
666 2523 846 2597 quarendum

65 2615 217 2667 censeam;
239 2599 288 2654 aad
312 2599 399 2657 utrum
420 2602 504 2678 jure,
530 2619 567 2655 an
595 2598 705 2674 injurii.
739 2597 846 2659 Nostra
908 2612 912 2617 '

65 2676 139 2734 enirn
160 2673 218 2733 baa
237 2679 353 2755 quaetio
375 2688 460 2757 atque
486 2679 686 2737 animaduersio
708 2679 737 2736 in
759 2681 846 2738 ciram
934 2674 948 2681 ”
971 2672 978 2693 ¹

66 2767 191 2815 nostrum
213 2766 279 2829 est,
305 2767 422 2830 nostro²
451 2778 488 2816 an
517 2778 566 2817 suo
585 2760 690 2828 facerit
716 2757 847 2829 arbitria.

103 2910 113 2942 r
126 2893 273 2962 (Praeceps
282 2906 381 2960 vestra,
389 2896 443 2948 Ilo-
476 2896 510 2948 iis
530 2897 600 2949 enim
615 2913 672 2966 qaae
686 2911 850 2967 sequuntur,

68 2960 156 3019 urani,
172 2975 197 3010 at
203 2961 297 3027 prior)
311 2962 443 3030 Praeceps
475 2963 516 3014 hae
527 2981 606 3017 voces
615 2962 853 3017 adhucleuiorvi-

70 3036 109 3074 est
126 3028 275 3089 temeraria,
288 3029 449 3081 inconside-.
475 3030 568 3082 dentur
580 3031 699 3083 indicare
709 3030 808 3096 aliquid
819 3031 852 3080 ae

70 3104 139 3149 reta,
152 3091 166 3141 ὲ
177 3107 343 3158 praepropero
354 3108 380 3145 et
392 3096 446 3146 fer-
476 3097 585 3149 lenitate
597 3098 762 3163 praemissum
774 3111 831 3144 osse
844 3113 852 3143 a

71 3158 445 3227 vidocqnsili0proiecta.Cs·
477 3163 860 3237 nisisortelbilffiendumost,¹

74 3221 156 3273 tanim
168 3224 330 3290 dubitamus,
353 3245 388 3279 an
405 3227 446 3279 Io·
480 3229 570 3280 uerbis
604 3226 696 3278 lenior
726 3237 792 3287 est,
824 3241 855 3277 aa

74 3304 121 3340 cus
135 3291 244 3344 omninb
255 3309 333 3346 sanus
353 3295 397 3350 sit.
415 3295 447 3350 Iu
480 3290 570 3350 acilius
587 3290 722 3361 arnsdor-

153 3369 231 3448 ‘Fan
257 3371 280 3435 l.
457 3441 461 3452 ,
675 3382 681 3393 ’
722 3367 738 3437 I
