2016 3780
181 167 465 237 Nauarum
513 159 689 230 Xtht.
780 189 827 255 97

45 272 271 355 superbiamque
287 314 295 341 ,
326 279 355 326 et
372 267 467 325 omnis
484 266 601 343 generis
616 266 736 343 injurias
752 266 828 327 inse

46 367 133 432 atque
155 349 320 432 populares.
343 349 443 428 Itaque
468 367 566 426 corpus
581 351 726 407 duntaxat
739 356 829 406 'snum

46 438 128 494 adid
151 442 258 510 ternpus
272 432 346 510 opud
371 451 418 487 eos
428 429 522 497 foisse
542 450 552 484 :
573 432 693 486 animum
707 429 830 507 jampri-

47 520 111 574 dem
132 514 169 571 ibi
185 533 245 570 esse
264 555 273 584 ‚
299 511 345 566 ubi
355 509 402 587 jus
421 529 454 565 oc
467 510 520 576 fos
538 511 683 566 crederent
704 507 768 566 coli.
786 507 830 566 Ad

48 599 238 686 deos‘quoque
259 595 408 666 confugere
430 585 594 664 supplices,
622 590 669 666 qui
691 598 831 665 nequeant

49 674 189 734 bomrnurn
204 674 258 728 vim
280 682 363 747 atque
383 669 500 745 injurios
513 671 584 746 pati.
612 666 648 726 Se
669 669 698 725 id
722 667 830 747 Scipio·

48 774 110 812 nem
127 773 233 822 orere,
255 761 287 808 ut
313 750 443 806 transitio
469 745 522 805 siti
551 768 600 805 nec
629 749 727 816 fraudi
752 749 829 826 apud

49 854 132 901 enm,
161 852 210 889 nec
237 829 333 888 honori
346 831 395 886 sit.
414 827 522 904 Quales
545 826 588 886 'ex
612 826 663 885 bric
678 830 723 886 die
740 846 832 906 expe-

50 915 147 972 riundo
167 914 324 991 cognorit,
352 903 468 989 perinde*
490 928 576 987 opero
599 928 691 966 eornm
710 910 834 987 pretium

66 1000 169 1048 ureret.

46 997 70 1064 s
94 1069 130 1130 V.
149 1065 193 1125 ut
206 1064 324 1146 prorsbs
339 1065 496 1145 respondet
506 1065 648 1126 facturum
667 1065 836 1138 Romanus;

52 1167 108 1207 nec
131 1165 185 1224 pro
209 1145 361 1222 transfugis
384 1147 572 1217 habiturum,
595 1149 644 1224 qui
668 1167 726 1205 non
743 1145 837 1204 duxe-

53 1231 113 1288 rint
129 1226 304 1285 societatem
314 1237 422 1298 ratam,
442 1227 492 1285 ubi
506 1247 559 1286 nec
574 1226 666 1286 divini
677 1229 837 1307 quicquam

54 1325 110 1368 nec
129 1304 248 1363 humani
260 1317 392 1365 sanctum
404 1318 491 1364 esset.
510 1306 667 1368 Productus
683 1308 789 1367 deind&
804 1307 838 1364 in

57 1396 250 1464 conspectum
264 1386 302 1444 iis
317 1387 457 1462 conjuges
476 1386 626 1465 liberique
649 1387 838 1469 lacrymanti-

56 1468 110 1527 bus
126 1465 234 1542 gaudio
251 1465 409 1523 redduntur
424 1487 431 1522 ι
446 1475 531 1544 atque
553 1487 590 1524 eo
609 1466 661 1525 die
681 1471 713 1526 in
737 1467 838 1546 bospi-

57 1549 135 1607 tium
146 1544 270 1606 adducti.
290 1545 410 1605 Postero
427 1544 475 1603 die
491 1557 611 1627 accepta
623 1544 714 1622 fides,
734 1548 839 1608 dimis-

58 1631 144 1706 sique
160 1625 195 1686 ad
216 1627 319 1705 copias
339 1625 532 1685 adducendas.

100 1705 152 1768 Vl.
180 1706 277 1768 Nocte
294 1705 436 1766 Asdrubal
459 1707 489 1764 irr
507 1703 651 1766 tumulum
671 1705 772 1787 copias
791 1727 842 1765 ru·

59 1787 158 1866 cipit,
180 1787 269 1867 plano
284 1805 390 1868 campo
413 1789 445 1844 in
464 1806 578 1857 suunno
603 1800 774 1868 patentem:
794 1785 842 1862 (3)

58 1867 164 1928 fluvius
181 1870 216 1927 ab
237 1878 321 1944 tergo
339 1869 426 1927 :autb
440 1869 577 1946 circique
596 1867 675 1926 velut
692 1866 756 1947 ripa
769 1887 841 1947 prze-

59 1967 131 2022 ceps
156 1966 240 2007 oram
262 1951 325 2027 ejus
352 1968 470 2007 omnem
498 1949 645 2024 cingebat.
672 1948 793 2007 Suberat
814 1957 844 2005 et

62 2026 155 2084 altera
173 2026 297 2085 inferior
311 2030 359 2102 (4)
377 2027 532 2086 summissa
557 2027 676 2104 fastigio
697 2025 845 2106 planities.
873 2073 878 2079 .

63 2104 137 2166 Eam
150 2123 265 2182 quoque
276 2107 368 2165 altera
383 2107 505 2183 crepido
520 2106 593 2164 baud
606 2105 722 2165 facilior
738 2107 769 2163 in
782 2104 847 2165 ads-

65 2203 186 2244 censum
207 2184 343 2243 ambibat.
370 2185 403 2243 ln
422 2185 499 2245 hunc
518 2184 688 2244 inferiorem
710 2206 848 2266 campum

56 2276 186 2346 postero
201 2263 249 2323 die
268 2263 435 2338 Asdrubal,
474 2277 628 2345 postquam
651 2278 775 2325 stantem
795 2285 850 2346 pru

57 2346 171 2413 „castris
190 2345 319 2405 bostium
333 2350 427 2406 aciem
439 2347 512 2405 vidit
527 2392 536 2419 ,
558 2348 672 2424 equitus
686 2346 849 2422 Numidas,

66 2425 237 2502 leviumque
250 2444 398 2486 armorum
410 2425 548 2487 Baleares
562 2440 591 2486 et
609 2428 694 2487 Afros
715 2427 851 2489 demisit.

109 2507 175 2570 Vll.
190 2508 295 2587 Scipio*
312 2500 528 2568 circumiectus
548 2507 668 2568 ordinas
680 2510 821 2588 signaque
842 2553 851 2582 ,

70 2587 259 2658 ostendebat,
293 2587 397 2647 hostem
422 2591 613 2666 prodamnotd
641 2611 691 2670 spe
708 2611 785 2670 equo
807 2592 852 2651 di-

69 2670 193 2730 mirandi
212 2688 332 2747 campo,
358 2679 515 2746 captantem
533 2670 677 2743 tumulos,
706 2669 760 2729 loci
773 2670 853 2744 fidu·
937 2691 939 2693 ·

71 2751 114 2810 cit
130 2793 139 2822 ,
158 2770 211 2808 non
238 2751 349 2809 virtutis
374 2770 592 2830 armorumque,
627 2763 704 2810 stare
720 2754 749 2809 in
773 2772 855 2811 cons·

16 2879 19 2884 .
48 2842 164 2913 *pactu
195 2827 256 2890 ded
284 2828 398 2888 altiora
418 2832 515 2888 moern‘n
542 2830 669 2892 babuisse
699 2829 804 2890 Cartha
827 2835 854 2894 i·.

20 2952 26 2956 -
70 2934 164 2983 nem,
190 2932 251 2992 quse
274 2913 492 2979 transcendisset
513 2911 595 2971 aniles
621 2913 773 2977 hatenus.
822 2927 857 2972 x-

111 3067 126 3115 3
144 3065 153 3126 (
168 3063 282 3117 Fluvios
296 3065 330 3123 ab
349 3068 451 3138 tergo)
485 3068 573 3133 campi
582 3065 709 3133 illius,qui
719 3065 859 3117 insummo
915 3082 918 3087 ’
940 3121 946 3136 ¹

78 3130 193 3180 Fluvius
204 3143 258 3180 erat
269 3133 300 3180 ab
312 3145 383 3200 tergo
395 3151 454 3186 cus·
487 3135 588 3185 tumulo
600 3146 669 3193 erat,
686 3133 816 3196 cingebat.

40 3219 45 3227 ·
80 3209 181 3247 trorum
200 3197 310 3247 tumuli:
325 3199 353 3248 in
368 3199 454 3252 fronte
520 3201 536 3266 4
549 3199 719 3262 (Sannnrissn
724 3196 858 3267 fastigio)

83 3279 113 3313 ac
125 3262 245 3313 lateribus
255 3263 326 3315 velut
335 3266 455 3334 quaedom
471 3278 474 3283 ⁴
488 3267 520 3318 ln
532 3267 649 3335 proclive
664 3267 811 3318 incurvata.

83 3331 455 3396 ripapraecepsoramomnem

169 3398 244 3458 Pars
270 3397 316 3459 11.
383 3423 385 3427 ·
532 3480 535 3485 Ι
716 3399 742 3462 E

907 3444 948 3536 d
