2016 3780
121 171 163 236 72
340 140 681 211 T1n1L1v11
746 144 751 150 '

120 244 260 327 qnantrim
285 243 382 304 facere
405 252 578 323 potuerant,
600 240 733 301 alienatis
755 240 913 303 mentibus

120 329 192 386 vino
208 329 244 386 ab
258 325 440 385 imminentis
460 342 546 384 sensu
564 322 654 394 rnaii,
677 328 824 382 venturum
841 341 914 381 our.

122 425 175 473 uss
186 416 386 485 asumpserunt
401 425 408 464 :
432 403 499 462 inde
512 401 604 460 ntis'so
621 402 758 462 convivio
772 445 781 474 ‚
795 399 914 462 dextris

122 486 203 545 inter
215 506 246 544 se
264 485 360 556 (datis,
387 482 551 560 ultimoque
565 480 723 562 complexu
740 480 915 563 ,collacry-

124 575 238 625 mantes
257 584 343 624 suum
362 565 519 642 patriaeque
537 580 635 621 casum
648 605 656 633 ‚
670 561 719 619 alii
731 604 739 632 ‚
752 572 783 620 ut
800 559 914 620 eodem

124 662 199 721 rogo
216 653 438 714 cremarentur,
463 652 652 714 manserunt3
668 640 720 699 alii
736 640 841 700 domos
863 639 914 700 di-

126 726 221 802 gressi
247 735 323 782 snnt.
352 722 485 802 impletae
501 722 576 780 cibis
593 722 719 798 vinoque
738 739 835 793 tenae,
853 721 915 779 rni-

125 803 181 863 nus
205 801 356 863 efficacem
371 805 404 861 in
423 798 592 861 maturanda
608 811 702 869 morte
719 799 780 859 vim
804 800 919 859 veneni

126 881 270 943 fecerunt.
290 883 399 960 Itaque·
409 892 526 942 noctem
535 890 625 940 totam
643 876 783 960 plerique
796 898 913 952 eorum,

130 971 160 1021 et
179 961 238 1021 diei
266 962 446 1041 insequentis
462 972 577 1042 partem
597 959 665 1020 crim
685 961 816 1019 animam
831 960 915 1037 egis-

127 1051 214 1114 sent;
231 1059 333 1100 omnes
357 1051 486 1112 tamen,
515 1041 685 1120 priusquam
723 1038 917 1122 aperirentur

128 1119 262 1180 hostibus
277 1131 397 1199 portae,
413 1139 466 1179 oxs
489 1120 611 1181 irarunt.

10 1202 118 1271 capuam
170 1199 285 1262 XXXi.
310 1200 433 1260 Postero
462 1140 522 1258 die·
537 1211 624 1280 porta
648 1198 756 1271 sotis,
779 1217 851 1278 quar.
868 1195 919 1258 ad·

10 1276 95 1365 ffi‘m
132 1279 232 1337 versus
251 1289 348 1338 castra
371 1277 500 1338 Romana
516 1289 599 1351 erat,
623 1282 702 1358 jussu
726 1277 919 1358 proconsulis

10 1377 119 1428 Romani.
132 1368 232 1436 aperta
249 1368 302 1417 est.
320 1359 363 1418 Et
385 1359 553 1418 intromissa
568 1358 648 1438 legio
665 1379 720 1418 una
735 1369 765 1416 et
785 1361 834 1435 (b)
850 1355 922 1420 duae

131 1437 212 1507 alae,
233 1456 300 1496 cum
318 1437 352 1498 C.
379 1437 483 1499 fulvio
511 1439 618 1516 legato.
644 1439 671 1500 Is
696 1438 763 1498 ctirn
780 1437 921 1498 omnium

131 1517 262 1598 primum
277 1536 357 1575 arma
372 1519 488 1596 telaque
501 1538 565 1598 quae
578 1519 684 1597 Capuae
698 1529 803 1590 erant,
826 1516 860 1578 sd
886 1535 921 1578 se

136 1595 316 1656 conferenda
330 1611 480 1672 curasset,
502 1599 647 1658 custodiis
669 1597 704 1658 sd
724 1615 826 1657 ornnes
845 1616 922 1677 por-

133 1688 179 1738 tas
193 1676 368 1756 dispositis,
384 1699 421 1738 ne
438 1681 503 1757 quis
522 1680 605 1737 exire
618 1689 668 1738 ant
684 1676 779 1738 emitti
792 1689 896 1758 posset
912 1720 923 1752 ‚

133 1758 304 1837 praesidium
333 1757 476 1817 Punicum
511 1757 759 1836 comprehendit,
783 1769 923 1816 senatum

134 1838 317 1911 Campanum
336 1838 380 1894 ire
396 1839 427 1894 in
439 1848 532 1896 castra
545 1837 580 1894 ad
600 1837 797 1916 imperatores
807 1837 923 1897 Roma·

134 1934 188 1978 nos
208 1915 303 1992 jussit.
330 1917 398 1993 Qud
420 1916 488 1974 crim
511 1916 659 1975 venissent
675 1960 684 1989 ‚
700 1918 852 1996 extemplo
871 1918 924 1978 his

136 1995 274 2061 omnibns
293 2006 404 2054 catenae
419 1996 535 2074 injecta
554 2039 563 2068 ,
589 1995 720 2074 jussique
739 1995 774 2055 ad
792 2007 925 2076 quaesto·

139 2093 188 2134 res
209 2073 324 2133 deferre
346 2073 427 2153 quod
454 2076 519 2134 auri
557 2076 731 2154 argentique
766 2075 923 2138 haberent.

138 2151 186 2231 (6)
203 2155 274 2214 Auri
297 2156 397 2236 pondo
416 2156 603 2238 septuaginta
625 2153 705 2230 fuit3
727 2156 841 2235 argenti
865 2157 925 2217 tria

147 2294 286 2364 '5(Dnoe
298 2299 514 2364 attenterim-
547 2313 620 2352 erant
652 2300 705 2353 fere
750 2301 926 2370 quadringen-

138 2365 233 2416 bantur
244 2365 395 2416 snomants
405 2368 457 2418 duo
466 2369 512 2418 itta
547 2379 632 2418 torum
653 2368 789 2436 equitum:
805 2380 922 2435 atquoea

138 2432 256 2498 pediturn
268 2446 379 2496 corpora
391 2467 398 2493 ,
412 2435 442 2483 iu
456 2449 513 2512 qum
546 2451 599 2484 vox
619 2435 725 2500 propria
749 2447 804 2487 erat
833 2432 925 2485 socio-

139 2497 264 2549 socialem
285 2499 427 2548 exercitum
446 2499 513 2549 davi·
546 2517 604 2559 rum
614 2537 619 2559 ,
629 2516 679 2552 nec
696 2503 748 2554 nisi
758 2497 814 2553 rard
830 2501 927 2551 admo-

139 2564 243 2615 debanr.
262 2561 313 2614 Sed
332 2567 397 2637 nqn‘
411 2564 513 2616 videtur
546 2567 928 2635 dumdeRomanisequitibus

139 2629 282 2683 verisimile
300 2643 402 2682 tanturn
420 2649 514 2683 nume·
547 2647 694 2701 usurpatur.
726 2637 814 2702 [taque
837 2650 930 2696 oppo-

139 2714 195 2747 rum
206 2697 365 2762 pedestrium
379 2700 515 2764 copiarum
549 2703 673 2754 nivideas
685 2699 839 2768 legionarius
848 2701 932 2761 equi.

139 2762 320 2811 intromissum
329 2765 448 2828 Capuam
458 2767 517 2816 sine
551 2781 599 2829 tes,
611 2769 656 2836 qui
665 2765 786 2824 Romani,
796 2773 821 2811 et
829 2759 929 2817 alares

141 2825 201 2876 uilis
212 2827 353 2892 equitibus.
366 2829 403 2878 ita
423 2848 454 2880 ue
464 2847 516 2882 rec·
552 2835 607 2886 sive
616 2829 720 2884 alarios
727 2869 733 2894 ,
745 2827 790 2896 qui
801 2825 928 2882 sociates.

140 2846 519 2962 rttsduaeatoe‚dequd›ushoc
584 2899 602 2950 6
614 2899 624 2963 (
634 2893 708 2949 Auri
716 2893 804 2959 pondo
816 2906 930 2960 septua-

141 2955 203 3010 loco
215 2958 370 3020 mentioest,
383 2962 519 3025 accipiens·
550 2964 652 3030 ginta..
664 2959 776 3028 argenti
794 2958 847 3010 trin
861 2960 933 3012 mil-

142 3037 184 3076 tur
209 3029 241 3077 de
263 3024 393 3093 equitibus
426 3028 516 3078 sociis.
551 3028 593 3080 lia
613 3023 720 3094 pondo,
741 3022 875 3090 ducenta)
897 3027 929 3080 Id

142 3088 361 3161 Equitatusenirn
371 3092 478 3145 socialis
494 3103 520 3142 et
552 3104 590 3143 est
601 3131 607 3155 ,
618 3102 746 3143 nostrates
756 3107 853 3142 marcae
871 3109 932 3161 ¹⁰9·

143 3158 201 3225 ipse
215 3158 379 3211 dividebatur
388 3158 413 3213 ,ὲ
423 3157 520 3212 Roma·
544 3160 626 3223 nuri,
645 3174 706 3210 cum
721 3159 802 3212 tribus
820 3158 927 3221 unciis,

143 3227 226 3276 nisin
248 3225 299 3276 duo
314 3241 442 3294 corpora,
462 3241 521 3295 quae
553 3227 652 3298 argenti
663 3265 671 3294 ‚
682 3225 759 3280 5000.

148 3291 240 3345 itidem
250 3293 412 3348 vocabantur
422 3293 476 3348 alat
484 3306 522 3364 ,st

831 3320 931 3419 minu
