2016 3780
191 163 473 238 Nannieno
525 158 706 236 LVll.l
781 183 844 255 197
885 202 938 261 g

97 269 178 340 Vll.
200 274 270 333 Post
289 271 361 330 duos
380 289 471 330 annos
483 269 570 350 quim
588 266 716 330 Annibal
732 265 767 327 ad
781 272 844 326 An·

57 355 201 414 lloehiam
224 365 364 424 venerat,
389 352 482 428 legati
506 351 540 410 ad
568 351 646 409 hunc
674 349 844 430 principem

35 458 39 463 ·
56 437 139 507 missi
154 446 221 494 sunt
232 434 248 492 ὲ
261 434 402 493 Romanis
414 434 445 492 P.
456 432 622 513 Sulpicius,
636 440 665 490 et
679 431 707 489 P.
719 429 844 495 Villius.
929 455 934 464 ·

56 516 138 578 Jussi
152 514 236 594 priris
249 515 411 575 Eumenem
428 513 525 583 adire,
539 513 711 589 Pergamum
724 510 842 568 vendre.

55 594 101 656 Ibi
114 596 262 673 Sulpicius
276 593 508 672 aegersubslitir.
526 592 637 655 Villius
647 591 715 651 clun
727 589 845 650 Pisidia
951 597 958 611 '

56 675 135 735 bello
148 687 323 758 occupatum
334 694 399 736 esse
411 695 512 754 regern
526 673 678 745 audisset,
688 672 844 753 Ephesum
950 690 955 699 ·

55 756 227 837 profectus,
249 756 320 815 dum
337 775 448 838 paucos
464 757 508 815 ibi
524 766 655 815 moratur
666 750 746 826 dies,
762 751 844 810 dedit

55 851 176 917 operam
200 848 234 897 ut
256 855 324 898 cum
346 837 516 911 Annibale,
539 836 590 916 qui
614 847 679 894 turn
700 834 745 893 ibi
764 833 843 892 forle

55 929 141 990 erat,
163 937 240 1000 saepe
262 916 495 999 congrederetur
513 939 519 977 :
537 929 570 977 ut
585 917 719 977 animum
736 917 799 994 ejus
813 924 845 972 et

56 1007 204 1067 tentaret,
230 1000 256 1059 si
279 1003 337 1078 qud
364 1011 492 1077 posset,
520 1010 550 1057 et
571 1010 685 1057 metum
711 995 844 1056 demeret

78 1078 182 1138 ericuli
201 1080 229 1137 ei
245 1079 401 1158 quicquam
418 1083 455 1139 ab
466 1079 607 1140 Romanis
618 1098 693 1138 esse.
711 1076 767 1136 llis
778 1076 845 1136 col-

31 1225 43 1242 ·
55 1099 164 1238 loquiis
181 1159 259 1221 aliud
276 1159 396 1239 quidem
413 1172 511 1220 actum
528 1159 606 1219 nihil
623 1170 667 1218 est
685 1180 692 1218 z
709 1168 846 1217 secutum

56 1249 155 1298 lamen
174 1241 229 1300 sua
247 1253 352 1322 sponte
373 1252 443 1315 est,
471 1239 550 1300 velut
566 1239 695 1300 consilio
715 1239 846 1321 petitum

56 1331 154 1392 essct,
172 1333 205 1380 ut
220 1321 309 1380 vilior
323 1321 361 1380 ob
377 1343 411 1382 ea
427 1321 654 1400 regiAnnibal,
677 1331 708 1381 et
722 1337 850 1400 suspeca,

55 1404 116 1461 tior
132 1399 166 1459 ad
181 1404 281 1460 omnia
296 1401 390 1462 fieret.

97 1477 147 1543 Vl
155 1481 200 1541 ll.
227 1482 259 1542 P.
280 1481 451 1541 Africanum
473 1480 504 1540 in
525 1501 560 1540 ea
584 1481 676 1543 fuisse
696 1478 847 1557 legatione

57 1561 149 1622 lradlt
176 1560 342 1635 Claudius,
373 1580 500 1640 eumque
525 1562 636 1644 Ephesi
661 1561 846 1622 collocutum

55 1662 125 1703 curn
146 1642 300 1704 Annibale.
328 1643 370 1716 Er
388 1662 555 1704 sermonem
580 1645 673 1702 etiarn
690 1662 780 1702 unum
795 1662 845 1700 re-

55 1721 130 1797 fert,
144 1744 202 1803 quo
217 1724 366 1803 quaerenli
374 1723 531 1798 Africam,
546 1726 636 1805 Quem
644 1727 739 1797 fuisse
750 1727 846 1782 maxi·

55 1826 132 1866 mum
144 1809 341 1886 imperatorem
350 1805 475 1886 Annibal
484 1811 628 1880 eraderet,
641 1803 848 1885 respondisse,

56 1886 255 1945 Alexandrum
278 1887 466 1946 Macedonum
494 1906 617 1966 regem,·
653 1885 727 1968 quid
757 1884 845 1963 peruri

55 1983 143 2023 manu
159 1965 378 2025 innumerabiles
397 1971 541 2024 exercitus
558 1971 702 2036 fudisset,
720 1967 846 2045 quidque

52 2042 174 2103 ultimas
187 2067 276 2115 oras,
298 2066 369 2127 quas
391 2049 478 2103 visere
500 2065 585 2125 supra
601 2066 679 2126 spem
694 2043 845 2106 numanam

55 2135 154 2195 esset,
171 2127 293 2183 uictoriis
306 2132 498 2204 peragrasset.

98 2201 159 2266 lx.
179 2205 334 2283 Quaerenti
349 2204 477 2278 deinde,
498 2225 581 2286 quern
595 2208 745 2266 secundum
756 2227 846 2286 pone-

57 2296 101 2344 ret
107 2307 119 2358 ,¹
132 2283 271 2360 Pyrrhum
284 2284 413 2347 dixisse:
430 2290 443 2362 (
451 2288 487 2359 5)
506 2299 600 2347 castra
610 2290 714 2347 metari
723 2291 846 2366 primum
899 2313 905 2330 ³

53 2369 193 2426 docuisse.
207 2367 253 2425 Ad
265 2367 314 2426 doe
326 2372 464 2450 nerninem
476 2365 638 2451 elegantius
647 2369 708 2428 loca
719 2372 848 2448 cepisse,
898 2373 900 2377 ’

55 2449 183 2525 presidia
199 2450 389 2527 disposuisse:
406 2459 497 2509 artem
509 2453 596 2509 etiam
610 2450 779 2510 condiiandi
790 2451 847 2508 sibi
918 2478 923 2486 ¹

49 2524 183 2586 domines
205 2528 437 2598 condoluisse,
460 2541 492 2588 ut
516 2529 625 2590 Italian
647 2541 748 2609 gentes
768 2532 847 2608 regis

50 2609 174 2665 ,externi
185 2649 194 2679 ,
204 2610 293 2688 ¹qudrn
308 2608 407 2689 popuii
420 2611 562 2685 Romani,
583 2614 692 2672 tamdiu
708 2613 854 2692 principis·

57 2688 86 2745 in
100 2708 134 2744 ea
143 2698 241 2760 -terra,
255 2692 403 2772 'imperium
414 2711 473 2751 esso
481 2693 614 2755 mallent.
831 2740 834 2748 ·
887 2742 890 2757 ,

96 2765 137 2827 X.
160 2770 365 2846 Exsequonti,
383 2792 467 2854 quem
485 2779 599 2839 tertium
613 2777 746 2845 adiiceret,c
764 2769 846 2833 haud
874 2841 879 2853 ι

55 2843 149 2907 dubie
165 2852 344 2931 semetipsum
359 2850 483 2914 dixisse.
506 2854 585 2915 Tum
600 2855 694 2914 risum
706 2853 846 2937 oboptum

55 2925 208 3008 Scipioni,
226 2942 258 2990 et
271 2932 453 3010 subjecisse:
469 2937 612 3016 Quidnam
624 2948 658 2995 au
674 2936 801 3009 diceres,
818 2935 847 2994 si

56 3027 103 3089 me
123 3013 262 3076 vicissesl
294 3014 364 3075 Tum
385 3035 429 3076 me
449 3020 536 3090 werd,
567 3017 694 3097 inquit,
721 3028 751 3076 et
777 3027 846 3077 anie
920 3014 922 3019 ’

44 3197 49 3203 ,
90 3135 243 3203 5(Casrra
262 3141 362 3194 aretari
377 3142 433 3209 pri·
466 3143 508 3197 rhi
529 3144 621 3201 castris
636 3160 771 3195 excomm
787 3154 846 3193 mes

45 3210 130 3256 ‘mum
143 3205 291 3274 docuisse)
309 3206 435 3261 Hoctau-
467 3213 568 3264 tatione
592 3228 668 3264 suam
686 3211 846 3264 emendave-

58 3271 195 3324 tumrnodo
220 3292 310 3325 verum
337 3289 377 3326 est
402 3276 433 3327 de
466 3292 538 3333 runt.
564 3300 567 3305 ·
956 3300 967 3355 “,

45 3337 205 3404 -llomanis,
220 3343 360 3411 quicaptis
372 3344 435 3411 Pyr·
514 3394 519 3407 ,
