2016 3780
305 199 578 270 Nnnnnrro
625 197 744 269 XIV.
858 157 915 286 '45

129 300 243 375 Tullo,
262 301 307 363 vis
319 323 422 381 magua
439 302 618 364 Volscorum
633 304 722 362 venit.
742 301 915 380 Priusquam
958 316 1002 365 An

131 385 387 445 committerentur
408 380 495 454 ludi,
520 383 645 452 Tullus,
670 393 702 443 ut
729 381 810 442 domi
835 372 999 443 σπι-Μ

130 463 260 544 positum
275 483 342 524 cum
354 462 466 522 Marcio
478 461 596 535 fueret,
616 461 649 521 ad
666 462 802 523 consules
819 438 971 538 veuit;¹“⁸·

132 543 208 603 dicit
223 563 287 605 esse
301 562 370 621 quae
383 543 498 602 secreto
513 563 601 621 agere
613 542 648 600 de
664 542 819 625 republici
832 541 914 602 vetit.

131 622 262 683 Arbitris
283 624 428 692 remotis,
450 624 571 696 Invitas,
592 623 709 700 inquit,
735 625 819 699 (12)
844 621 918 704 quad

130 707 242 784 sequias
257 710 313 777 sit,
329 708 364 763 de
384 705 453 763 meis
472 702 575 761 civibus
601 702 705 784 loquor.
730 703 797 762 Non
822 714 917 763 tamen

129 787 283 845 admissum
304 786 450 866 quicquam
472 781 508 841 ab
530 785 588 854 iis,
612 785 789 841 criminatam
813 785 917 855 renio,

128 866 180 924 sed
207 876 320 923 caetum
342 886 377 924 ne
399 866 564 922 admittant.
594 861 687 921 Νἰιηὶο
735 860 776 921 lis
794 861 916 999 ’dim

130 941 234 1014 eelim,
262 957 418 1005 nostrorum
441 943 555 1021 ingenia
578 952 644 1000 sunt
661 883 785 1000 moditia.
847 940 917 1003 altit
996 934 1003 948 '

125 1023 161 1084 a'd
186 1023 311 1084 cladibus
335 1026 505 1083 sensimus:
533 1019 634 1102 quippe
660 1024 708 1101 qai
736 1043 789 1079 nan
821 1033 917 1081 nostra

50 1157 52 1161 .
129 1105 252 1175 merite,
274 1109 325 1164 sed
345 1103 434 1163 vestra*
482 1101 602 1161 atientid
633 1102 785 1160 incolumes
817 1103 914 1161 simus.

130 1179 246 1264 Magna
265 1182 310 1244 tn‘c
328 1205 399 1242 nune
419 1123 581 1242 Vofscarum
596 1179 747 1241 multitudo
767 1190 831 1249 est,
856 1180 916 1242 tuat

130 1273 215 1334 sunt,
246 1263 407 1344 spectacula
436 1265 544 1321 intenta
575 1265 673 1321 ciuitas
704 1263 768 1320 erit.
794 1260 918 1321 Memini

131 1343 198 1418 quid
218 1362 269 1418 per
290 1348 416 1402 eamdem
440 1345 609 1408 occasionem
630 1341 666 1400 ab
690 1340 853 1401 Sabinarum
867 1344 916 1421 ja-

131 1431 243 1494 rentute
261 1424 289 1478 in
311 1422 363 1478 trac
378 1421 444 1480 urbe
468 1425 642 1481 commissum
657 1425 718 1492 sit,·
737 1422 832 1481 horret
852 1422 917 1479 ani-

131 1515 214 1565 mas,
240 1518 275 1556 rte
295 1502 362 1576 quid
378 1499 530 1557 inconsutae
549 1520 583 1557 ac
597 1499 710 1558 'temere
726 1503 795 1574 fiat.
823 1504 916 1573 Hac,

130 1576 228 1634 aestrd
259 1577 405 1656 sestrdque
433 1577 541 1646 causd,
567 1579 642 1654 priris
669 1582 785 1636 dicenda
811 1578 915 1650 vobis,

130 1656 449 1727 eonsules,ratussun1.
468 1655 550 1734 Quod
559 1659 598 1714 ad
610 1677 654 1713 me
667 1660 791 1726 attinet,
805 1669 918 1716 extem·
997 1659 1000 1666 ’

129 1735 178 1813 plu
195 1735 258 1795 tine
269 1741 378 1797 domm
396 1735 475 1796 abire
487 1738 516 1794 in
528 1738 620 1794 animo
636 1747 681 1796 est
694 1779 702 1806 ,
715 1758 749 1796 ne
760 1738 922 1815 cujusfactd

122 1816 229 1874 'dictive
245 1820 410 1894 contagione
418 1836 538 1896 presens
550 1814 646 1875 violer.
668 1815 736 1876 Haec
754 1815 915 1895 loquutus,

127 1894 212 1953 abiit.
231 1896 374 1975 Consules
389 1896 457 1955 crim
474 1893 511 1954 ad
529 1896 629 1955 Patres
641 1900 708 1956 'rem
724 1896 842 1956 dubiam
859 1896 915 1956 sub

124 1985 246 2034 auctore
262 1989 346 2036 certo
358 1976 533 2036 detulissent
545 2019 554 2047 ,
571 1985 675 2036 auctor
690 1978 804 2055 magis,
816 1987 848 2035 ut
858 1974 893 2035 fit
905 2019 915 2049 ,

127 2053 214 2128 quem
236 2074 284 2112 res
304 2056 339 2113 ad
363 2054 585 2132 precavendum
610 2053 658 2114 vei
678 2077 715 2115 ex
733 2073 916 2136 supervacuo

129 2132 251 2205 movit;
280 2132 415 2212 factoque
446 2134 723 2205 senatusconsulto,
750 2147 782 2195 ut
810 2136 914 2196 urbem

129 2209 304 2270 excederent
321 2213 444 2284 Volsci,
464 2231 613 2292 precones
628 2213 839 2286 dimittuntur,
861 2215 913 2293 qui
957 2232 1007 2283 1⁷01

128 2308 233 2349 omnes
265 2311 316 2350 eos
351 2290 502 2374 proficisci
526 2303 594 2350 ante
624 2303 739 2353 noctem
767 2294 910 2375 juberent.
925 2292 977 2361 urbe

121 2368 235 2443 'Ingens
256 2390 349 2451 pavor
369 2373 467 2453 primo
492 2371 688 2433 discurrentes
712 2371 746 2431 ad
771 2394 836 2435 suas
864 2365 982 2436 nesam·

116 2449 271 2526 tollendas
290 2456 322 2510 in
343 2452 474 2532 hospitis
496 2451 634 2532 perculit.
656 2452 911 2516 Proficiscentibus

127 2527 233 2590 d'einde
258 2531 424 2608 indignatio
447 2532 579 2592 oborta:
605 2533 641 2594 Se
661 2548 693 2594 ut
710 2535 911 2597 consceleratos

128 2613 403 2693 contaminatosque,
435 2612 472 2672 ab
500 2612 595 2683 ludis,
618 2616 909 2687 festisdr'ebus,catu
990 2642 993 2646 ³

128 2695 326 2774 quodammado
338 2693 477 2752 hominum
489 2695 657 2774 deorumque
669 2694 783 2757 abactas
797 2719 866 2758 esse.

167 2771 233 2833 VH.
253 2771 332 2834 cum
355 2773 450 2853 prope
474 2773 648 2832 continuato
670 2777 786 2852 agmine
810 2777 909 2849 irent,
930 2796 1004 2845 AT„

125 2869 310 2929 praegressus
331 2851 438 2913 Tutius
457 2851 492 2910 ad
518 2864 606 2933 caput
636 2853 851 2928 Ferentinum,
875 2867 908 2915 ut
922 2859 1008 2906 conen

124 2933 250 3014 quisque
268 2932 407 3008 veniret,
430 2933 575 3015 primores
601 2953 704 2995 eorum
729 2937 908 3016 excipiens,

141 3104 192 3144 „12
206 3081 499 3156 (Quodsequr'usse’t)
533 3103 642 3151 seeus,
670 3103 727 3155 quae
749 3104 806 3138 non
826 3084 911 3138 morlo

125 3154 206 3221 Quod
220 3153 325 3208 civibus
336 3153 401 3204 meis
415 3152 501 3203 labem
525 3152 667 3220 ⁴significat
679 3153 762 3204 aliter
771 3153 816 3203 sed
828 3152 908 3205 etiarn

124 3219 499 3291 aliquamaspergatdequior,
533 3233 670 3286 usurpatur
687 3235 735 3283 pro
754 3216 906 3284 standene,

125 3289 332 3357 sequius‚idem
343 3287 414 3356 quod
426 3284 497 3338 dete·
532 3285 578 3336 ubi
596 3300 649 3336 rem
667 3285 770 3338 muttire
787 3285 906 3339 oratioue

126 3355 204 3423 rior,
216 3353 350 3412 ‘deterius
370 3372 381 3407 .·
398 3352 415 3406 d
432 3370 499 3408 roco
534 3368 600 3421 opus
614 3361 662 3404 eet.

512 3440 526 3473 n
