2016 3780
134 206 176 277 68
225 211 229 220 '
288 236 292 243 ·
363 169 489 271 'Tm
535 201 684 272 Lrvrr

133 304 259 368 consilio
274 302 309 364 ad
325 298 440 364 bostem
454 304 615 377 transibat,
638 306 679 363 ita
695 303 769 364 nihil
787 303 919 366 salutare

131 388 164 447 in
184 384 312 444 medium
334 385 549 444 consulebatur.
577 384 725 445 Nobilitas
749 384 918 466 rempubli-

132 486 196 528 cam
210 465 392 536 deseruerat,
410 483 503 542 neque
519 464 550 522 in
561 475 693 524 senatum
707 464 773 543 cogi
787 476 916 544 poterat.

132 546 167 608 ln
181 545 348 622 magistratu
361 554 460 603 autem
471 555 532 603 erat
543 588 552 613 ‚
567 548 617 623 qui
630 562 688 603 non
701 543 758 603 sibi
770 544 919 604 honorem

131 623 307 703 adjecisset,
327 622 380 683 sed
399 623 574 700 indignitate
593 624 643 682 sui
666 624 727 683 uim
744 643 777 683 ac
792 625 838 702 jus
853 632 918 684 rna'-

151 705 284 774 istratui‚
300 722 386 781 quern
399 704 538 782 gerebat,
552 702 736 784 dempsisset.
753 703 823 767 Jam
834 724 871 763 ne
884 706 919 763 in

130 720 196 846 loro
208 783 326 864 quidem
338 828 347 855 ,
361 793 412 843 aut
422 782 543 865 publico
554 782 637 858 loco,
651 783 820 863 principum
832 785 919 862 quis-

129 883 217 944 quam
232 864 406 943 apparebat:
425 863 564 923 domibus
578 862 686 923 inclusi
703 864 805 942 patrie
822 881 916 922 occa-

133 962 197 1005 sum
208 963 276 1004 cum
288 962 342 1002 suo
350 943 444 1002 exitio
455 945 486 1002 in
496 941 559 1002 dies
567 942 785 1023 exspectabant.
795 943 919 1003 Summa

132 1042 216 1083 curae
240 1023 335 1083 omnis
358 1024 389 1082 in
412 1021 565 1084 Bostarem
583 1022 814 1102 Hannonemque
836 1042 918 1103 prae-

130 1102 225 1162 factos
243 1101 373 1184 presidii
387 1102 492 1162 Punici
507 1119 593 1162 versa
606 1113 683 1177 erat,
701 1121 773 1177 suo,
793 1121 853 1162 non
867 1121 919 1163 so·

132 1184 248 1245 ciorum
266 1181 402 1262 periculo
419 1181 575 1242 sollicitos.
605 1210 607 1215 ·

50 1308 120 1376 ΜΨ
171 1310 272 1373 XXll.
300 1311 335 1369 Hi
349 1312 526 1390 conscriptis
543 1308 579 1371 ad
593 1306 766 1371 Annibalem
780 1309 917 1385 litteris,

50 1380 120 1474 J‘ffl‘
131 1411 190 1449 non
212 1390 305 1451 libere
325 1392 435 1462 modo,
459 1392 618 1452 sedetiam
637 1391 764 1473 aspere,
784 1390 917 1469 quibus,

50 1486 75 1554 ‚te
89 1487 120 1532 aa
131 1493 184 1529 non
203 1469 328 1551 Capuam
344 1472 430 1532 solum
447 1474 583 1534 traditam
599 1475 628 1532 in
643 1493 755 1531 manum
771 1469 919 1544 hostibus,

50 1542 114 1591 Μ·
131 1553 181 1610 sed
195 1573 226 1611 se
249 1574 356 1633 quoque
371 1565 401 1612 et
421 1555 582 1632 presidium
606 1555 634 1612 in
657 1572 753 1611 ornnes
775 1555 919 1611 cruciatus

51 1634 58 1651 '
130 1633 274 1711 proditos,
298 1630 498 1692 incusabant:
518 1632 621 1692 abiisse
637 1653 698 1691 eum
717 1633 745 1690 in
763 1626 919 1704 Bruttios,

132 1709 209 1770 uelut
228 1723 398 1773 avertentem
414 1734 498 1783 sese,
516 1735 552 1772 ne
570 1709 668 1793 Capua
684 1713 713 1771 in
729 1708 818 1771 oculis
832 1731 919 1791 cape-

133 1801 219 1849 retur.
244 1789 283 1850 At
300 1790 412 1853 hercule
429 1793 570 1853 Romanos
583 1814 618 1852 ne
634 1793 840 1872 oppugnatione
852 1794 920 1871 qui-

132 1873 197 1931 dem
221 1869 297 1930 urbis
319 1873 410 1932 Roma
433 1868 559 1931 abstrahi
581 1871 617 1930 ab
642 1870 740 1949 Capua
763 1873 925 1953 obsidenda,

130 1953 257 2031 potuisse
278 1972 289 2009 .·
311 1952 390 2011 tanti
413 1956 627 2027 constantiorem
648 1955 790 2028 inimicum
810 1950 919 2011 Roma-

133 2051 221 2103 num,
251 2029 333 2112 purim
362 2034 481 2094 amicum
507 2032 620 2093 Panum
645 2053 714 2092 esse.
755 2029 787 2090 st
818 2035 920 2092 redeat

137 2108 290 2190 Capuam,
322 2109 480 2192 bellumque
508 2133 587 2185 omne
611 2113 641 2170 ed
668 2114 789 2185 sertatr'
811 2123 842 2172 et
860 2112 919 2185 κζ
953 2150 961 2159 ·

132 2202 163 2249 et
185 2187 345 2270 Campanos
366 2203 482 2271 paratos
506 2195 643 2270 eruptioni
660 2197 733 2263 fore.
766 2191 830 2251 Non
854 2213 919 2252 cum
958 2204 961 2209 '

132 2269 301 2349 Rhegium,
335 2292 423 2351 neque
457 2272 618 2333 Tarentinis
652 2272 755 2333 bellurn
786 2277 919 2350 gesturos

133 2354 270 2412 transisse
287 2349 382 2429 Alpes.
408 2349 466 2410 Ubi
480 2353 613 2413 Romana
629 2351 753 2432 legiones
767 2357 848 2426 sint,
878 2353 920 2413 ibi

132 2438 162 2486 et
186 2426 462 2507 Carthaginiensium
483 2435 629 2492 exercitus
648 2431 747 2502 debere
768 2453 840 2493 esse.
869 2431 919 2494 Sic

131 2510 170 2567 ad
192 2505 325 2580 Cannas,
350 2513 389 2569 sie
410 2515 448 2570 ad
472 2510 666 2572 Trasimenum
682 2532 740 2573 rem
761 2510 831 2572 bend
845 2535 918 2594 ges-s

131 2599 210 2661 tam,
225 2595 362 2662 coeundo,
374 2595 539 2665 conferendo
554 2614 616 2653 aum
632 2592 709 2653 basta
719 2604 813 2653 castra
828 2596 919 2666 ,for-

131 2679 228 2727 tunam
249 2676 392 2743 tentando.

171 2793 287 2856 XXlll.
307 2794 340 2854 ln
351 2797 425 2858 hanc
438 2801 614 2861 seutentiam
622 2799 729 2861 litterae
740 2797 920 2880 conscriptae

131 2873 272 2934 Numidis
293 2879 443 2957 proposita
461 2879 598 2940 mercede
614 2883 673 2959 jam
690 2879 830 2961 professis
841 2897 918 2961 ope-

90 3016 93 3021 ,
131 2972 193 3011 ram
209 2997 218 3023 ‚
237 2951 352 3011 dantur.
382 2956 421 3014 Hi
444 2959 543 3034 specie
562 2960 776 3037 transfugarum
794 2958 863 3019 crim
879 2956 918 3018 ad

130 3032 273 3094 Flaccum
295 3032 326 3089 in
348 3044 444 3093 castra
470 3037 645 3111 venissent,
669 3039 785 3099 detecti
811 3037 917 3099 fraude

129 3112 268 3194 producti
299 3122 367 3173 sunt
397 3112 435 3173 ad
460 3114 676 3193 proconsulem.
718 3119 818 3179 Primb
852 3138 918 3178 reru

131 3203 302 3252 constanter
325 3206 477 3273 negarunt.
509 3195 625 3255 Deinde
655 3199 785 3258 convicti
812 3199 916 3273 veris,

130 3275 200 3333 adm
223 3284 367 3336 tormenta
391 3277 476 3359 posci
500 3287 530 3337 et
552 3277 647 3361 parari
670 3277 822 3353 riderent,
844 3276 917 3340 lassi
