2016 3780
160 207 242 255 ro.
383 173 518 244 Trrr
564 168 749 244 Lrvrr·
817 190 820 195 '

155 278 310 361 externplo
325 277 433 352 datur,
463 289 494 337 ut
508 279 640 338 accensis
654 278 799 341 cornibus.
810 292 944 342 armenta

155 364 187 422 in
205 361 341 423 adversos
357 359 544 420 concitentur
559 369 674 419 montes
691 380 697 417 :
713 369 743 417 et
762 371 858 418 metus
874 363 945 441 ipse

154 442 314 509 relucentia
337 438 460 499 flammae
490 459 527 497 ex
555 439 681 517 capite,
713 438 852 518 calorque
882 444 943 519 jam

156 523 192 583 ad
207 524 305 582 vinum
325 518 360 581 ecl
377 520 494 597 imaque
513 537 657 578 cornuum
683 516 865 592 adveniens,
892 541 947 582 vc-

154 601 199 661 lut
222 598 389 661 stimulatos
412 597 510 658 lurore
537 597 643 675 agebat
671 599 773 672 boves.
794 601 946 678 Quors-

154 682 244 763 pente
263 680 421 752 discursu,
453 676 528 738 haud
546 678 631 739 sectis
647 678 734 757 quam
753 679 844 760 sylvis
856 699 946 741 mon-

154 760 293 840 tibusque
317 758 474 831 accensis,
503 760 604 818 omnia
625 759 737 819 circum
758 759 885 837 virgulta
900 781 946 821 ar-

154 842 225 901 dere
249 860 255 899 :
292 842 482 920 capitumque
521 838 607 898 irrita
633 839 783 916 quassatio
810 841 946 901 excitans

154 920 305 982 flammam
332 964 341 990 ‚
379 919 532 978 hominum
566 918 676 999 passim
712 919 944 981 discurrentium

150 1004 286 1083 speciem
305 999 460 1079 praebebat.
477 999 540 1076 Qui
564 998 600 1058 ad
619 999 774 1058 transitum
793 998 884 1063 saltim
900 1002 946 1060 in-

151 1081 309 1144 sidendum
323 1079 533 1167 locauerunt,
548 1079 644 1137 ubiin
655 1080 944 1149 summismontibuc

152 1184 190 1223 ac
207 1181 296 1242 super
309 1180 340 1219 se
359 1158 501 1239 quosdam
521 1157 605 1236 ignes
616 1170 836 1240 conspexerunt
850 1204 859 1233 ‚
875 1162 945 1225 cir·-

154 1252 326 1303 cumventos
351 1258 382 1298 se
407 1258 471 1298 esse
495 1241 552 1298 rati
571 1238 732 1318 prasidio,
758 1239 941 1308 excessise5

101 1351 103 1359 ·
150 1327 212 1403 uua
237 1320 361 1391 minime
386 1317 489 1379 densae
507 1318 663 1378 'micabant
689 1318 838 1392 flammae,
860 1319 945 1380 velut

131 1422 133 1427 ·
155 1403 336 1463 tutissimum
357 1402 417 1459 iter
440 1443 449 1474 ,
490 1409 625 1478 petentes
657 1418 768 1461 summa
796 1402 945 1461 montium

154 1485 231 1565 juga.
249 1481 363 1542 Tamen
380 1481 412 1538 in
429 1479 568 1560 quosdam
584 1478 672 1539 boves
691 1481 804 1561 palatos
826 1480 863 1540 ab
882 1482 945 1543 auis

150 1562 295 1652 gregibus
319 1561 497 1635 inciderunt.
518 1560 556 1620 Et
584 1561 711 1638 primi),
751 1564 819 1620 crim
838 1563 947 1639 procul

148 1653 330 1715 numerent,
356 1640 450 1714 veluti
463 1639 592 1699 flammas
608 1641 783 1715 spirantium
796 1641 946 1713 miraculo

149 1724 275 1795 attoniti
294 1723 491 1782 corratiterunt
513 1719 671 1792 :deiuda‚
700 1733 730 1781 ut
749 1721 875 1783 humana
891 1742 946 1802 up-

146 1801 370 1881 petrianam,
394 1809 454 1857 tum
472 1800 541 1857 vero
556 1800 678 1871 insidias
694 1803 748 1867 rati
770 1821 856 1872 esse,
873 1823 944 1862 cum

149 1884 272 1969 ‘maiora
284 1891 363 1938 metu
381 1878 528 1938 concitant
545 1897 577 1938 se
598 1880 629 1937 in
646 1879 755 1957 lugam.
779 1881 856 1942 Levi
868 1902 945 1961 quo-

152 1962 372 2043 qnalarrnaturae
387 1957 517 2019 hostium
532 1957 692 2025 incurrite.
709 1962 848 2023 Ceterum
860 1982 941 2035 nox,

148 2041 400 2122 ‚aquatotirnore
426 2084 435 2114 ,
475 2051 592 2100 neutros
609 2060 737 2120 pugnarn
761 2042 944 2121 incipientes

154 2122 191 2185 ad
214 2123 313 2185 lucem
338 2121 442 2180 tenuit.
460 2120 657 2189 intereistoto
676 2124 793 2200 agmine
811 2123 944 2183 Annibal

76 2198 78 2203 ’
154 2203 322 2266 transducto
341 2220 396 2283 per
419 2199 548 2274 saltum,
575 2212 606 2260 et
631 2203 802 2281 quibusdam
826 2202 944 2284 inipso

155 2287 232 2345 saltu
244 2283 374 2343 hostium
393 2285 544 2362 oppressis
560 2325 570 2356 ,
594 2283 626 2340 in
648 2303 721 2361 agro
737 2283 872 2344 Allifano
886 2304 944 2365 po·

155 2365 330 2424 suitcastra.

194 2441 279 2513 XVI.
306 2442 392 2500 llunc
418 2440 574 2500 tumultum
593 2440 687 2501 sensit
711 2441 835 2519 Fabius..
855 2445 944 2509 Cete-

153 2522 265 2595 timet
277 2519 402 2597 insidias
418 2540 485 2581 esse
497 2532 599 2595 ratus,
621 2532 651 2581 et
667 2521 704 2582 ab
720 2536 865 2585 nocturno
881 2527 943 2587 uti-

154 2603 389 2683 queablrorrens
405 2604 581 2675 certamine
608 2645 617 2675 ‚
653 2621 721 2664 suos
748 2607 943 2665 munimentis

153 2686 273 2747 tenuit„
290 2684 371 2743 Luce
387 2684 484 2760 primi
509 2680 565 2743 sub
581 2683 652 2761 iugo
676 2687 787 2744 montis
804 2684 942 2764 pralium

150 2761 231 2822 luit:
256 2780 314 2842 quo
337 2762 528 2823 interclusam
553 2764 589 2823 ab
608 2765 669 2824 suis
694 2765 789 2823 levem
812 2777 943 2826 armatu-

152 2860 214 2901 ram
236 2839 352 2915 facile(
374 2843 484 2901 etenim
503 2863 627 2902 numero
648 2845 829 2920 aliquantum
850 2862 944 2920 praes.

152 2920 276 2993 tabant)
291 2918 417 2978 Romani
433 2933 618 3000 superassent
634 2966 644 2994 ‚
666 2922 724 2979 nisi
738 2922 941 2998 Hispanorum

147 2998 260 3060 cohors
276 2997 310 3056 ad
326 2996 455 3077 idipsum
476 2999 598 3056 remissa
620 3000 657 3061 ab
674 2999 817 3059 Annibale
838 3021 942 3082 perne.

152 3083 258 3140 nisset.
280 3078 323 3139 Ea
339 3079 483 3138 assuetior
498 3078 674 3154 montibus,
707 3090 737 3138 et
756 3079 792 3142 ad
817 3101 940 3161 concur7

152 3159 272 3223 sendum
299 3160 378 3219 inter
397 3178 464 3220 saxa
486 3179 633 3242 rupesque
651 3162 748 3240 aptior
764 3183 798 3224 ac
817 3165 937 3238 levior,

152 3242 222 3301 cim
237 3239 394 3323 velocitate
413 3259 600 3323 corporum,
633 3251 695 3303 tum
718 3263 868 3304 armorum
889 3245 938 3306 naa

152 3319 241 3399 bitu,
266 3333 460 3406 campestrem
478 3322 617 3398 hostem,
639 3343 758 3403 gravem
774 3326 862 3403 armis
883 3338 938 3389 sta-
