2016 3780
91 163 171 227 '112⁴
318 149 444 222 ‘rm
488 150 641 222 L1v11

92 257 209 339 Inquit,
229 258 296 324 mili
310 257 495 338 Patribusque
512 258 646 317 Romanis
661 257 701 315 ita
717 258 879 320 decretatis

92 341 174 400 rebus
192 340 251 402 culn
270 338 351 416 plebe
371 338 534 407 conveniat,
555 339 876 420 quemadmodumque&

91 425 130 480 ad
150 434 180 483 ta
195 419 320 487 attinet,
340 434 556 496 eamquerem,
583 436 668 495 quam
695 419 733 475 aa
755 427 784 476 te
812 437 879 478 sum

89 499 280 576 quesituras,
309 508 504 554 conuenturum
533 497 606 553 satis
639 496 755 569 confina.
788 495 875 576 Spem

88 583 196 646 tactam
221 575 238 633 a
263 588 291 634 te
307 578 414 634 ciuitati
433 577 531 645 uides„
560 576 636 652 (15)
639 576 701 648 fide
717 576 873 649 incolumi',

89 676 130 715 ssa
156 656 293 715 thesauris
324 652 468 727 Gallicis,
494 675 563 734 quos
586 657 724 733 primores
753 656 875 717 Petram

88 733 253 806 occultent,
284 739 420 797 niumm
443 733 512 794 salui
535 740 626 813 passe.
658 730 713 790 Cui
741 754 808 812 erga
833 737 879 796 rei

88 815 197 872 tuatim
211 812 293 875 abest
306 826 338 875 ut
356 818 554 895 impedimenta
567 816 622 875 sim
636 855 645 884 ‚
667 823 699 871 ut
712 813 810 872 contri
825 825 875 888 te,

88 892 135 952 M.
160 892 279 966 Manli,
315 895 467 966 ablactes,
501 891 602 954 liberes
628 894 733 962 fenore
761 892 872 972 plebem

88 972 265 1045 Romanam,
287 977 407 1034 et'istos
425 971 587 1032 incubantes
600 970 719 1052 publicis
731 972 873 1034 thesauris

88 1073 130 1114 ex
142 1054 237 1133 pransi
256 1053 427 1115 clandestini
448 1055 566 1113 evolvas.
596 1053 677 1133 Quod
700 1054 756 1110 nisi
769 1056 871 1124 fucis,

87 1134 145 1192 siae
155 1145 224 1192 utet
237 1136 296 1213 ipse
306 1138 334 1195 in
339 1145 423 1215 parte
454 1137 536 1192 rada
549 1135 605 1202 sis,
626 1133 683 1190 sice
694 1135 759 1211 quia
772 1147 873 1190 vanum

87 1215 220 1272 indicium
234 1225 295 1285 est;
307 1218 336 1273 in
346 1153 454 1270 uinculis
470 1223 498 1270 te
508 1214 572 1269 duci
581 1209 698 1288 jubebo,
711 1215 872 1272 mactastis

84 1295 182 1373 patiar
195 1292 212 1348 ἁ
227 1303 255 1350 te
266 1292 472 1351 multitudinem
480 1287 587 1362 fallaci
599 1310 647 1368 spe
658 1293 801 1351 concitari.

126 1392 222 1462 xltl„
234 1393 282 1454 Ad
303 1415 336 1454 es
357 1391 507 1464 Manlius,
525 1392 584 1452 Nec
600 1415 629 1452 se
642 1393 794 1468 seselisse,
807 1395 870 1471 ait,

87 1496 141 1534 nan
161 1477 290 1534 adversis
315 1473 430 1536 Volscos
450 1476 535 1534 toties
555 1474 670 1546 bastes,
712 1478 800 1535 usties
816 1476 872 1535 Pa-

87 1553 176 1615 tribus
186 1558 336 1636 expediat,
358 1494 870 1636 necaduersirsLatinaslIernicssque

86 1635 248 1713 quosfalsis
258 1633 418 1696 criminibus
429 1638 457 1693 in
471 1655 550 1693 arma
562 1641 668 1714 agant,
677 1638 727 1694 secl
737 1637 869 1696 aduersis

84 1733 115 1771 se
133 1736 167 1772 ac
181 1714 293 1795 plebem
310 1717 464 1775 Romanam
479 1718 644 1772 dictatorem
658 1726 781 1777 creatum
797 1737 870 1792 esse.⁴

83 1789 172 1864 iam,
189 1797 289 1852 amissa
306 1793 398 1865 bello,
421 1790 495 1872 quoii
518 1790 681 1850 simulatum
703 1796 764 1865 sit,
786 1798 814 1854 in
827 1814 868 1867 ¹se

84 1872 218 1948 impetum
227 1873 296 1944 fieri
311 1893 323 1929 ,⁹
338 1873 400 1951 jam
419 1874 585 1930 dictatorem
600 1873 726 1949 profiteri
743 1877 871 1951 patroci-

83 1953 160 2008 nium
175 1951 375 2020 faneratorum
390 1951 520 2010 adversis
530 1946 642 2030 plebem
656 1971 667 2008 .·
681 1952 740 2029 jam
757 1951 811 2011 sibi
827 1975 870 2015 ex

75 2031 178 2099 favore
196 2031 386 2092 multitudinis
412 2032 516 2096 crimen
539 2041 568 2090 et
590 2032 743 2111 perniciem
768 2035 866 2112 quari.

84 2106 231 2185 0fflndst5
246 2112 364 2192 Inquit,
386 2125 433 2186 te,
455 2113 489 2171 Α.
510 2110 623 2172 Comeli
633 2156 643 2194 ,
655 2133 753 2194 vosque
765 2113 868 2174 Patres

84 2185 265 2273 conscripti,
286 2181 452 2264 circumlusa
475 2191 556 2254 turba
583 2193 668 2255 lateri
691 2216 763 2256 meo.
792 2196 867 2272 Quin

83 2291 146 2354 eam
166 2276 298 2351 diducitis
320 2275 337 2333 t
361 2296 405 2336 me
433 2272 539 2352 singuli
564 2279 664 2334 vestris
690 2272 830 2348 beneficiis
857 2318 868 2348 ‚

81 2351 296 2424 intercedendo,
319 2356 468 2412 eximendo
487 2357 521 2409 cle
544 2374 626 2412 nerva
647 2356 718 2411 cives
736 2364 863 2426 vestras,

77 2423 248 2512 probibendo
265 2434 397 2490 'udicatos
409 2434 588 2510 addictosque
601 2434 663 2489 duci
674 2451 686 2503 ,·
698 2451 738 2490 ex
749 2454 780 2490 ea
793 2438 874 2513 quad.

80 2508 171 2589 affluit
200 2455 297 2589 apibus
326 2513 449 2581 vestris,
488 2514 650 2569 sustinenda
684 2518 865 2576 necessitates

80 2591 199 2651 aliarum
212 2593 222 2652 l
235 2588 292 2652 Sea
300 2593 373 2730 puli
387 2611 442 2673 ego
455 2593 562 2662 vomas
573 2602 662 2651 uestro
676 2593 864 2674 impendatis,

79 2668 196 2732 bertari
215 2669 283 2747 (16)
321 2683 409 2731 ortem
423 2670 513 2729 aliam
519 2675 611 2744 fecte,
626 2679 661 2734 de
674 2677 863 2771 capitededu-

79 2753 134 2833 cite
155 2759 229 2831 quaet
246 2755 336 2809 usuris
353 2768 581 2829 pernumeratum
605 2767 678 2815 est:
694 2771 756 2833 pam
775 2749 866 2807 nibila

114 2914 145 2968 15
155 2912 243 2981 (Fide
251 2912 453 2981 ineolurad)·1te
486 2927 536 2966 tur.
548 2913 578 2966 st
591 2913 662 2964 enim
673 2910 705 2963 le
717 2908 805 2985 capite
816 2907 862 2959 de-

77 2995 108 3035 ut
121 2982 262 3034 creditores
276 2981 346 3031 nihil
356 2996 389 3030 ex
400 2997 452 3043 ea,
487 2980 606 3043 duxeris,
620 2976 691 3044 quot
703 2991 785 3026 usum
801 2990 861 3040 per·

77 3051 149 3118 quod
165 3062 285 3100 mutuum
301 3047 434 3099 dedissent
443 3085 452 3112 ,
485 3055 650 3096 numeratum
664 3053 705 3093 est
713 3078 725 3103 ,-
744 3059 799 3093 sors
810 3043 864 3096 alia-

75 3118 237 3171 amittsrent.
486 3112 551 3168 erite
565 3108 859 3178 tantbnempbminos,

113 3175 451 3258 16(Sonemaliamserte)
505 3176 613 3230 uantum
635 3176 722 3247 usuris
745 3175 865 3229 salutum
945 3213 950 3219 .

75 3245 141 3300 Haec
154 3250 232 3300 verba
240 3246 353 3301 lucemb
364 3262 454 3310 prou.
528 3247 575 3307 rite

75 3314 120 3365 nb
140 3316 311 3385 sequentibus
327 3325 455 3370 mutuant*
