2016 3780
168 174 459 242 'Nannauro
507 168 734 240 XXXIV.
790 197 853 265 190

69 278 150 340 enim
171 276 283 337 divisus
306 273 400 335 amnia
424 274 455 332 in
474 294 556 334 mare
581 273 737 348 decurrit)
760 287 855 336 castra

68 359 172 419 locat:
193 357 312 416 vixdum
338 357 408 415 eatis
430 356 551 415 credens
572 353 746 414 Annibalem
767 374 854 434 supe-

69 457 148 499 raaae
173 437 326 520 Pyrenaeos
347 445 471 495 monton.
493 439 590 514 Quem
613 447 645 494 ut
662 434 700 494 de
720 433 856 494 Rhodani

69 537 186 599 quoque
212 517 335 578 transitu
364 517 478 594 agitare
506 515 732 586 animadvertit3
757 515 856 574 incer-

69 608 136 670 tus,
159 616 285 677 quonam
303 595 332 655 ei
355 594 422 656 loco
439 608 628 668 occmreret,
643 594 769 654 necdum
782 595 854 655 satia

67 674 241 740 refectia'ab
259 677 416 758 jactatione
438 676 587 735 maritima
604 676 771 748 militibus,
793 687 854 733 tre-

66 770 169 818 centos
187 758 309 825 interim
328 754 458 821 delectos
476 757 609 833 equites,
632 754 757 827 ducibus
771 755 854 816 Mar·

66 833 238 900 ailieneibue
259 849 292 898 et
314 837 509 899 auxiliaribus
528 836 654 909 Gallia,
686 836 721 897 ad
746 834 853 917 explo-

65 917 157 980 randa
173 919 295 992 omnia,
317 915 514 997 visendosque
528 937 566 980 ex
582 928 646 977 tuto
663 915 763 993 hortea
777 935 852 998 prae·

66 998 171 1060 mittit.
798 1010 802 1015 ·

106 1077 151 1141 ll.
171 1079 312 1150 Annibal,
328 1075 437 1137 ceteria
449 1087 528 1136 metu
544 1089 594 1138 aut
606 1076 703 1158 pretio
714 1076 850 1158 pacatis,
867 1073 958 1124 Annia

63 1159 122 1238 jam
150 1161 181 1218 in
208 1157 371 1220 Volcarum
397 1172 570 1236 pervenerat
596 1177 722 1236 agrum,
751 1135 958 1242 8⁰¹¹¹l⁸llnlll⁶

62 1237 180 1298 validae.
211 1239 321 1300 Colunt
345 1247 442 1297 autem
464 1239 546 1298 circa
572 1249 728 1318 utramque
752 1241 850 1315 n'pam
950 1229 957 1245 ⁸

62 1316 202 1379 Rhodani
220 1340 227 1378 :
246 1318 299 1379 aed
321 1315 410 1376 diffisi
424 1317 564 1379 citeriore
582 1338 652 1397 egro
670 1318 766 1378 arceri
782 1319 849 1379 Poe·

63 1418 133 1457 num
155 1417 258 1477 posse,
286 1410 318 1457 ut
338 1397 448 1454 flumen
467 1420 522 1479 pro
548 1402 731 1457 munimento
755 1399 848 1467 hahe-

62 1490 159 1550 rent,
188 1477 327 1537 omnibua
350 1477 446 1535 ferme
476 1480 537 1537 auis
562 1490 640 1538 trane
671 1479 847 1542 Rhodanum

62 1560 218 1636 trajectis,
245 1556 416 1616 ulteriorem
440 1555 533 1637 ripam
555 1562 650 1617 amnis
664 1561 752 1617 armis
767 1559 849 1616 obti-

62 1640 179 1699 nebant.
201 1640 326 1701 Ceteros
341 1636 456 1698 accolas
477 1635 608 1698 fluminis
624 1639 776 1708 Annibal,
799 1640 848 1715 (r)

62 1730 93 1778 et
112 1738 215 1778 eorum
235 1720 368 1798 ipeorum
392 1717 443 1798 qui
461 1718 548 1779 aeder
568 1718 740 1789 tenuerant,
759 1719 849 1777 simul

84 1800 182 1861 erlicit
201 1799 293 1861 donia,
310 1800 344 1862 atl
367 1818 454 1860 natea
477 1799 609 1879 undique
633 1797 848 1860 contrahendae

59 1820 318 1962 iubricandaaque:
334 1878 423 1944 simul
436 1890 467 1940 et
480 1880 540 1961 ipsi
557 1879 651 1960 trajici
666 1881 847 1951 exercitum,

60 1960 212 2042 levarique
236 1959 457 2046 quamprimum
480 1963 635 2040 regionem
659 1978 741 2019 auam
764 1965 846 2020 tanta

60 2045 186 2118 urgente
202 2040 357 2103 hominum
380 2040 462 2099 turbl
482 2043 648 2121 cupiebant.
673 2040 774 2117 ltaque
798 2041 847 2098 in-

60 2137 133 2198 gena
151 2128 252 2182 coacta
275 2120 319 2181 via
337 2121 453 2181 narium
476 2119 544 2190 est,
570 2119 761 2196 lintriumque
783 2121 846 2194 (2)

60 2199 174 2258 temere
192 2198 227 2257 ad
248 2200 408 2260 vicinalem
425 2217 509 2258 usum
527 2209 695 2278 paratarum
717 2218 722 2255 :
745 2216 847 2258 novae·

59 2298 117 2357 que
144 2280 221 2339 aliae
247 2280 378 2361 primum
404 2278 485 2340 Galli
507 2277 680 2338 inchoantes
708 2277 847 2337 cavabant

58 2378 98 2418 ex
114 2359 242 2439 cingulis
263 2359 417 2423 arboribus
432 2384 441 2433 3
462 2357 570 2420 deinde
586 2371 615 2418 et
632 2359 689 2438 ipai
712 2355 845 2430 milites,
909 2397 911 2400 <

59 2438 148 2498 aimul
173 2439 436 2521 copil'rnaterioe,
463 2439 561 2499 simul*
578 2437 721 2499 facilitate
744 2439 845 2518 operia

59 2517 199 2610 inducti,
224 2521 324 2597 alve'oa
355 2519 521 2594 informer,
553 2520 660 2598 (nihil
685 2519 844 2583 dummodo

59 2616 164 2662 innare
184 2618 267 2676 aquae
288 2611 317 2660 et
342 2621 447 2682 capere
471 2618 559 2661 onera
576 2612 717 2680 possent,
741 2618 843 2665 curan-

58 2689 128 2750 tes,
151 2678 262 2756 quibua
283 2699 314 2741 ae
336 2701 445 2764 tuaque
468 2681 710 2755 transueherent,
729 2681 847 2761 raptim

56 2758 218 2821 faciebant.

96 2839 147 2901 lli.
164 2839 296 2923 Jamque
309 2842 446 2903 omnibus
460 2843 531 2904 eatis
547 2842 723 2926 comparatio
736 2843 775 2904 ad
787 2851 841 2902 tra·
859 2853 958 2908 Anniba

54 2918 236 2999 lidendum,
263 2923 411 2984 terrebant
426 2944 463 2984 ex
486 2924 609 2988 adverso
631 2926 755 2999 hostes,
780 2915 884 2983 om·¹¹'⁸
904 2927 958 2962 Μ

56 3019 125 3061 nem
148 3001 243 3082 ripam
266 3006 380 3084 equitet
404 3004 521 3086 virique
548 3006 727 3067 obtinentes.
755 2985 955 3083 Quoawm'

92 3129 427 3201 1(Eteorumipsorum)
463 3135 516 3188 lem
550 3155 629 3188 usum
655 3134 836 3202 paratarum)

55 3196 90 3257 Et
101 3214 134 3247 ex
143 3196 248 3250 Volscis
257 3200 428 3270 ipaiaeoaqui
463 3205 637 3267 Properanter
648 3213 673 3255 et
688 3196 778 3264 panim
791 3212 839 3266 cu-=

54 3262 85 3317 ln
94 3263 197 3315 aedibus
208 3265 261 3316 suis
268 3282 428 3327 manserant.
462 3265 733 3319 nortmannorum
746 3265 837 3316 breton

89 3342 106 3379 a
126 3330 430 3406 (Tcnrerledvr'qrna-
461 3336 492 3389 in
503 3336 593 3397 uicina
604 3333 736 3402 trajectus.
823 3388 829 3400 ,

653 3402 713 3473 ll
