2016 3780
169 253 452 323 Nannnnro
500 249 709 319 XLV111.
774 252 839 323 133

53 373 139 429 tum,
164 368 196 416 ut
217 356 251 416 ad
268 355 446 436 stipendium
470 356 633 435 petendum
649 357 842 415 convenirent

56 439 290 514 Carthaginem,
318 456 371 495 seu
402 435 529 516 carptim
556 450 675 516 partes,
698 457 750 495 seu
775 438 843 495 uni-

55 521 132 580 versi
143 517 273 576 mallent.
285 515 489 595 Tranquillum
503 516 700 588 seditionem,
717 520 776 591 jam
788 532 843 596 per

55 618 87 658 se
100 600 361 676 languescentem,
374 598 622 675 repentinaquies
635 596 844 656 rebellantium

56 680 256 759 Hispanorum
291 675 373 736 iecit.
404 676 563 736 Redierant
594 679 674 734 enim
709 678 741 735 in
768 675 843 735 fines

55 763 169 818 omisso
190 761 311 834 incepto
332 755 507 816 Mandonius
532 769 562 815 et
584 756 740 829 Indibilis,
762 766 845 836 post-

54 859 141 919 quam
163 839 261 897 vivere
277 837 450 916 Scipionem
468 836 591 896 allatum
614 850 683 910 est;
706 857 760 895 nec
784 838 845 913 jam
923 893 927 903 ,

55 931 118 978 erat
132 931 180 979 aut
191 917 287 991 civis,
307 928 357 976 aut
372 928 535 991 externus,
551 937 618 978 cum
634 936 694 998 quo
712 917 845 978 furorem

56 1017 141 1058 suum
155 997 371 1059 consociarent.

28 1136 32 1147 =
97 1101 166 1163 Vll.
183 1099 294 1162 Omnia
306 1101 589 1178 circumspectantes
606 1101 749 1172 consilia,
767 1097 845 1158 nihil

57 1181 167 1262 reliqui
198 1180 368 1252 habebant,
396 1191 508 1261 praeter
533 1200 592 1240 non
619 1184 800 1240 tutissimum
825 1181 845 1238 a

59 1262 145 1321 malis
168 1262 303 1322 consiliis
327 1271 505 1339 receptum,
530 1273 562 1319 ut
584 1260 772 1341 imperatoris
796 1259 845 1318 vel

58 1346 143 1423 justae
156 1343 226 1414 iras,
245 1342 291 1400 vel
311 1361 369 1399 non
388 1339 577 1420 desperanda
593 1341 757 1401 clementiae
779 1359 848 1400 sese

60 1425 290 1481 committerent.
328 1423 423 1480 Etiam
449 1420 573 1480 hostibus
593 1445 652 1481 eum
679 1423 845 1499 ignovisse,

61 1525 123 1562 cum
144 1505 243 1582 quibus
263 1505 341 1572 ferro
365 1503 535 1560 dimicasset.
555 1500 658 1561 ‚Suum
679 1503 846 1561 seditionem
935 1503 938 1509 ’

61 1589 120 1643 sine
143 1584 274 1652 vulnere,
293 1584 352 1640 sine
379 1582 515 1658 sanguine
532 1584 626 1650 fuisse
638 1603 650 1653 ,·
681 1603 730 1639 nec
755 1583 845 1657 ipsam

62 1676 206 1735 atrocem,
231 1684 279 1722 nec
303 1663 392 1720 atroci
411 1658 489 1741 pand
509 1661 623 1739 diguam
640 1684 650 1718 ,·
673 1670 706 1718 ut
727 1660 847 1736 ingenia

60 1744 186 1804 humana
202 1754 268 1802 sunt
284 1741 318 1799 ad
335 1753 416 1801 'snam
437 1737 545 1815 cuique
562 1739 712 1800 levandam
729 1739 847 1818 culpam

60 1826 156 1883 nimio
169 1823 235 1904 plus
249 1821 382 1882 facunda.
410 1821 463 1880 llla
483 1816 632 1881 dubitatio
645 1832 723 1890 erat,
742 1820 849 1897 singu·

60 1904 140 1963 laene
160 1905 320 1973 cohortes,
341 1923 376 1961 an
395 1902 523 1961 universi
541 1901 578 1961 ad
594 1899 775 1982 stipendium
792 1920 846 1980 pe-

61 1984 180 2041 tendum
194 1987 281 2043 irent.
301 1982 459 2041 inclinavit
475 1985 641 2054 sententia,
657 1979 736 2060 quod
751 1982 847 2041 tutius

61 2063 233 2132 censebant,
252 2064 405 2122 universos
419 2061 475 2120 ire.

102 2166 184 2229 Vlll.
198 2165 253 2224 Per
262 2164 381 2223 eosdem
393 2162 467 2235 dies,
480 2162 586 2242 quibus
599 2163 660 2224 haec
672 2163 717 2222 illi
730 2165 847 2224 consul·

63 2247 188 2317 tabant,
210 2245 368 2304 consilium
384 2245 420 2303 de
436 2245 475 2303 iis
489 2243 662 2322 Carthagini
678 2256 759 2304 erat:
779 2264 846 2304 cer-

63 2329 223 2404 tabantque
234 2327 405 2398 sententiis,
425 2323 526 2384 utrhm
537 2325 568 2382 in
583 2324 719 2384 auctores
730 2326 846 2383 tantdm

62 2408 218 2469 seditionis
239 2411 346 2483 (erant
363 2416 462 2467 autem
480 2406 510 2465 hi
529 2424 652 2464 numero
668 2404 743 2463 haud
764 2406 847 2484 plus·

63 2509 148 2567 quam
173 2489 302 2566 quinque
323 2497 352 2545 et
371 2487 515 2564 triginta)
540 2484 847 2557 animadverteretur,
893 2546 896 2559 Ι

63 2588 99 2627 an
129 2568 262 2646 plurium
293 2567 441 2647 supplicio
477 2565 650 2625 vindicanda
682 2576 743 2623 tam·
773 2564 846 2626 loedi

62 2646 193 2729 exempli
209 2644 337 2704 delectio
354 2647 470 2724 magis,
493 2647 581 2723 qnam
602 2644 732 2718 00111110,
755 2656 847 2710 esset.

61 2727 148 2805 Vicit
170 2728 316 2786 sententia
341 2724 460 2798 lenior,
488 2735 543 2797 ut,
567 2724 643 2784 unde
670 2737 733 2784 orta
756 2726 846 2807 culpa

61 2820 158 2880 esset,
182 2809 228 2868 ibi
248 2827 333 2887 poena
350 2807 545 2866 consisteret:
569 2805 605 2864 ad
621 2805 864 2881 multitudinem·

61 2891 285 2966 castigationem
301 2888 371 2947 satis
386 2906 459 2947 esse.
482 2884 617 2948 Consilio
632 2885 778 2958 dimisso,
794 2884 844 2964 (6)

62 2979 96 3026 ut
129 2971 159 3027 id
187 2981 285 3029 actum
316 2967 489 3038 videretur,
522 2965 675 3046 expeditio
707 2965 846 3025 adversita

34 3119 38 3126 .
62 3047 255 3110 Mandonium
279 3046 493 3129 Indibilemque
515 3046 643 3108 edicitur
669 3047 848 3120 exercitui,
869 3064 874 3071 ·
910 3094 914 3099 .

94 3225 112 3275 6
131 3224 140 3289 (
155 3222 190 3274 Ut
208 3221 239 3277 id
253 3239 343 3278 actum
359 3225 435 3277 virle·
468 3238 497 3276 nt
511 3225 543 3276 de
556 3239 585 3273 ea
596 3233 724 3273 reectum
735 3235 791 3270 esse
802 3219 846 3270 vi·
942 3274 945 3281 ¹

62 3304 157 3351 retur,
179 3292 344 3360 expeditio)
369 3292 435 3342 Edi·
469 3294 570 3343 deretur
585 3289 614 3338 in
632 3288 766 3349 consilio,
784 3300 845 3339 non

62 3358 129 3407 citur
151 3359 284 3423 expeditio
303 3357 434 3411 *adventu
468 3358 500 3409 ds
513 3355 644 3409 seditione
657 3353 857 3413 Sucronmlss

60 3424 238 3478 Mandonium
246 3437 272 3477 et
282 3424 434 3491 Indibilem,
475 3462 480 3469 .
560 3434 578 3461 ἱ
800 3492 808 3515 1
861 3428 866 3435 “

666 3570 674 3595 Ι
