2016 3780
190 186 252 250 172
408 161 745 232 T1u1L1v11

187 265 243 325 biae
264 262 299 324 ad
326 263 357 323 id
381 262 539 324 voluntatis
565 307 574 335 ‚
608 273 797 325 tentarentur.
825 261 969 325 Publilius

184 346 290 403 consul
323 343 357 402 ad
383 342 597 422 peragrandam
620 344 769 423 profectus
803 343 967 423 Apuliam,

185 424 297 502 aliquot
319 422 509 502 expeditione
529 423 586 480 und
608 425 733 502 populos
754 434 804 481 aut
829 423 860 497 ,vi
881 424 969 483 sube-

184 505 253 579 git,
281 512 329 561 aut
351 501 569 576 conditionibus
594 502 624 559 in
646 504 819 562 societatem
840 503 967 582 accepit.

182 582 304 661 Papirio
320 599 457 659 quoque,
480 581 532 658 qui
547 581 682 641 obsessor
700 583 831 642 Luceriae
849 585 968 642 restite-

132 706 134 710 .
183 672 258 731 rat,
292 661 373 719 brevi
401 660 438 719 ad
461 679 544 739 spem
564 671 684 720 eventus
703 659 865 741 respondit.
891 663 968 722 Nam

182 741 307 800 incessis
323 741 460 804 omnibus
477 741 533 796 viis
551 783 559 811 ‚
582 759 636 820 per
650 756 722 819 quas
737 751 968 801 commeatusex

181 817 301 879 Samnio
321 817 581 891 subvehehantur‚
607 819 683 879 ieme
698 820 804 879 domiti
820 819 966 892 Samnites

182 900 234 977 qui
251 899 382 959 Luceriae
401 901 433 958 in
452 897 591 978 praesidio
605 910 712 971 erant,
735 899 847 976 legatos
859 898 968 959 misire

184 977 221 1037 ad
238 980 389 1037 consulem
413 979 577 1039 Romanum
597 1003 606 1050 3
633 991 687 1053 ut,
712 980 840 1059 receptis
862 981 969 1057 equiti·

181 1056 259 1196 ilus,
284 1063 333 1137 qui
354 1077 443 1122 causa
463 1057 534 1120 belli
554 1069 678 1134 essent,
708 1057 863 1120 absisteret
884 1058 968 1118 obsi-

202 1157 280 1198 tone.

78 1211 172 1284 subju.
223 1216 322 1288 xxtt.
341 1215 396 1276 His
412 1216 548 1299 Papirius
561 1216 606 1277 ita
626 1215 781 1299 respondit
801 1238 807 1276 :
826 1215 966 1278 Debuisse

55 1287 174 1380 {imgffgj
184 1321 230 1358 eus
242 1299 372 1357 Pontium
387 1296 521 1378 llerennii
530 1297 626 1372 filium
641 1341 649 1369 ,
670 1319 724 1378 quo
734 1310 847 1358 auctore
859 1298 967 1357 Rorna-

55 1389 127 1445 πέτει,
185 1376 298 1451 uos-sub
309 1379 411 1460 jugum
425 1381 593 1449 misissent,
612 1377 753 1437 consulere
766 1421 775 1449 ‚
804 1379 873 1458 quid
885 1380 967 1436 uictis

179 1461 342 1539 patiendum
361 1469 492 1516 censeret.
520 1457 671 1531 Ceterum,
695 1460 824 1537 quonium
843 1455 879 1514 ab
900 1457 965 1516 lios-

184 1537 258 1598 tibus
270 1540 297 1595 iu
307 1557 337 1595 se
351 1558 429 1616 equa
445 1540 553 1607 stetui,
574 1536 655 1616 qudrn
669 1541 696 1595 in
712 1558 741 1596 se
755 1539 808 1616 ipsi
816 1539 898 1606 ferre
909 1556 967 1594 ma·

183 1617 288 1677 luerint
304 1638 314 1673 r
332 1620 463 1675 nunciare
483 1615 627 1675 Luceriam
642 1616 752 1695 jussit,
778 1637 878 1687 erma,
903 1636 967 1674 sur-

182 1699 261 1756 einus
273 1739 281 1766 ,
302 1697 443 1765 iumenta,
466 1695 674 1754 multitudinem
684 1717 791 1754 ornnem
803 1693 965 1767 imbellem,

92 1771 94 1775 ’
181 1774 256 1834 intni
277 1775 375 1830 moeuie
401 1773 598 1852 relinquerent.
620 1771 746 1833 Militem
777 1796 807 1833 se
828 1795 889 1833 cum
910 1776 966 1832 siu.

181 1852 259 1930 gulis
291 1853 464 1910 uestimentis
484 1850 533 1908 sub
552 1854 651 1930 jugum
674 1856 821 1910 missurum
835 1874 846 1924 ,0
879 1853 966 1913 uleis-

141 1942 145 1950 '
180 1943 288 2026 centem
307 1928 453 2004 illatam,
491 1950 663 1996 sonnonem
692 1934 857 2005 inferentem
884 1934 966 2013 igno-

175 2031 338 2152 mlffillllll.
355 2088 439 2148 Nihil
455 2100 630 2150 recusatum.
646 2089 764 2169 Septem
776 2087 873 2148 millia
888 2089 967 2148 mili-

180 2179 245 2231 lum
256 2167 310 2228 sub
326 2171 427 2246 jugum
439 2173 532 2230 missa
547 2215 555 2244 ,
582 2170 745 2253 praedaque
757 2171 859 2248 ingens
871 2169 968 2230 Luce·

11 2326 17 2335 ¹
88 2282 89 2285 κ
180 2250 234 2308 riae
256 2259 363 2383 capta;
388 2255 520 2332 receptis
540 2253 677 2311 omnibus
699 2251 792 2326 signis
818 2249 966 2328 armisque

181 2347 281 2405 quaea
311 2326 470 2389 Caudium
495 2332 675 2401 amiserant,
706 2339 736 2384 et
758 2327 835 2405 quod
863 2332 967 2389 omnis

181 2406 337 2484 superabat
353 2406 458 2480 gaudia
472 2449 481 2476 ,
497 2407 644 2484 equitibus
661 2407 863 2484 recuperatis,
891 2428 965 2489 quos

181 2484 305 2566 pignora
313 2484 404 2562 pacis
422 2485 630 2545 custodiendos
650 2485 805 2545 Luceriam
816 2486 971 2554 Samnites,

181 2563 335 2625 dederant.
367 2563 453 2625 Haud
478 2565 571 2626 ferme
592 2566 650 2626 elia
678 2568 839 2626 mutatione
865 2569 965 2629 subiti

136 2639 140 2645 ⁴
180 2663 280 2703 rerum
298 2645 407 2703 ularior
427 2647 550 2706 victoria
567 2647 673 2728 populi
690 2644 815 2705 Romani
834 2658 900 2722 est3
921 2648 965 2706 si.

181 2721 300 2799 quidem
322 2724 412 2783 etiam
438 2727 549 2805 (quud
565 2726 736 2804 quibusdam
756 2725 788 2782 in
809 2725 964 2788 annalibus
999 2745 1004 2753 ·

181 2802 300 2860 invenio
324 2801 336 2875 )
360 2803 481 2864 Pontius
508 2808 650 2866 llerennii
679 2801 758 2862 filius
786 2801 963 2866 Samnitium

180 2881 341 2960 superator
356 2926 364 2954 ‚
388 2893 419 2942 ut
430 2884 564 2962 expiaret
582 2881 733 2943 consulum
748 2879 964 2963 ignominiam,

180 2960 235 3027 tub
248 2961 349 3047 jugum
366 2979 433 3024 cura
444 2964 552 3022 ueteris
571 2972 617 3021 est
634 2961 752 3022 missus.

448 3169 685 3192 qun-—
