2016 3780
131 144 443 251 'Ninnnrrn
488 174 713 251 XXXIV.
781 204 845 263 ers

65 284 127 337 turn
149 274 230 334 ecies
246 271 326 333 haud
342 270 462 331 dubium
476 271 548 330 lecit
565 314 575 342 ,
601 272 696 348 quin,
727 271 784 331 nisi
798 271 848 331 fir·

64 367 144 417 meta
160 363 295 412 extreme
317 352 444 431 agminis
463 350 615 420 luissent,
646 353 749 428 ingens
766 352 797 408 in
812 371 851 410 so

23 498 27 502 ,
64 434 141 494 seltu
159 431 328 512 accipienda
343 430 439 492 clades
458 429 556 490 luerit.
574 429 659 493 Tunc
680 448 797 508 quoque
813 431 850 501 ed

63 509 370 592 extremumps'siculi
386 556 396 585 ,
414 530 458 571 ‚sc
474 511 577 590 prope
587 511 755 589 pepriciem
778 526 851 568 ven-

61 604 128 654 tum
146 602 201 653 est.
216 593 313 663 Nem,
332 592 404 659 duni
417 601 576 653 cunctatur
589 589 724 661 'Annibal
741 610 849 667 egmen
934 646 937 651 .

61 672 222 735 demittere
233 671 264 751 in
274 669 443 749 sngtistiss,
456 673 597 746 quirinion
611 715 620 742 ,
636 683 670 732 ut
684 672 751 751 lpse
766 670 850 750 equi·

62 754 144 814 tibus
165 750 311 832 proesidio
336 764 421 826 emt,
451 749 494 813 itt
519 750 670 831 peditibus
688 753 849 830 quicquam

62 834 102 897 ab
124 845 207 911 tergo
230 831 335 898 auxilii
354 830 548 908 ¹reliquerat,
578 843 767 893 occursantes
794 851 849 912 per

60 913 181 994 obliqua
201 911 333 973 montelli
361 957 371 986 ,
401 921 548 993 perrupto
575 909 677 971 medio
703 912 847 990 agmine,

60 994 139 1069 ¹sistn
154 990 279 1051 insidiis
295 1011 432 1070 :noxque
448 1009 504 1057 uns
518 990 659 1077 Aqnibali
683 993 750 1052 sine
762 994 848 1073 equi·

60 1072 142 1145 tibus
162 1083 250 1151 atque
263 1070 488 1152 impedimentis
503 1082 570 1132 scta
584 1082 637 1131 est.

100 1152 169 1218 XV.
186 1154 309 1216 Postero
329 1152 378 1211 die
401 1155 461 1231 jein
480 1153 600 1230 segnitie
624 1153 848 1214 intercursantis

61 1226 117 1295 bus
140 1230 298 1311 herberie,
324 1235 431 1311 juncte
451 1232 566 1314 copie,
599 1232 748 1310 saltusque
770 1231 848 1295 bend

60 1313 125 1391 siue
141 1310 253 1386 clade,
276 1315 388 1391 majore
406 1324 504 1373 tamen
520 1314 734 1391 iumentorum,
757 1313 847 1395 quim

36 1422 41 1429 ·
60 1393 216 1455 hominurn
231 1393 383 1471 pernicie,
421 1402 587 1471 superatus.
606 1393 676 1454 lndd
696 1396 848 1467 montani,

58 1475 217 1555 pauciores
232 1473 315 1551 jam,
345 1483 376 1530 et
393 1470 543 1532 latrocinii
560 1475 654 1549 magis
670 1476 759 1552 quim
774 1474 847 1537 belli

59 1574 142 1615 mose
150 1551 399 1625 '‘concursabant‚
424 1549 560 1611 meddin
577 1553 728 1632 primum,
759 1554 850 1621 modo¹

59 1633 91 1703 iu
108 1633 304 1694 notissimum
321 1652 445 1711 agmen,
472 1642 621 1712 utcunque
640 1645 688 1691 aut
700 1632 783 1692 locus
796 1653 847 1714 op·

57 1716 271 1796 portunitatem
292 1711 410 1784 daret,
448 1722 499 1771 sut
523 1712 675 1793 progressi
700 1714 848 1777 moratiue

42 1794 188 1875 eliqusm
204 1795 391 1855 occasionem
403 1791 553 1865 iecissent.
575 1797 643 1872 (12)
661 1792 846 1873 Elephanti,

60 1875 135 1936 sicut
160 1876 336 1957 proecipites
361 1894 414 1955 per
438 1886 532 1937 arctes
553 1876 615 1936 viss
637 1873 740 1952 magni
762 1878 846 1937 mori

59 1954 248 2035 egebantur‚
273 1956 315 2026 itt
334 1967 429 2015 tntum
452 1954 489 2014 ab
511 1953 644 2015 hostibus
660 1957 846 2036 quecumque

61 2024 235 2095 incedelesr
249 2036 345 2111 (quia
359 2034 485 2109 insuetis
499 2033 625 2099 adeundi
639 2035 765 2114 propitls
783 2054 848 2095 me·

10 2181 13 2191 ¹
61 2113 207 2185 luserat)
225 2129 331 2188 agmen
347 2111 524 2192 prebebant.

99 2188 184 2256 XVI.
210 2192 298 2251 Nono
320 2190 371 2249 die
392 2192 421 2250 in
447 2193 548 2268 jugum
569 2190 694 2270 Alpium
718 2209 847 2272 persen.

59 2283 123 2333 tum
134 2280 208 2342 est,
232 2289 289 2352 per
307 2269 387 2331 invia
402 2269 545 2354 pleraque
559 2282 590 2331 et
610 2289 749 2344 errores,
773 2271 849 2353 quds

59 2365 110 2415 sut
124 2350 298 2413 ducentium
321 2349 428 2425 fraus,
460 2361 536 2422 sut,
558 2351 610 2412 ubi
634 2348 706 2411 fides
729 2352 770 2412 iis
787 2373 847 2415 nou

58 2443 157 2506 esset,
175 2431 388 2491 temere-initos
405 2428 494 2491 velles
510 2430 526 2490 l
543 2426 776 2512 conjectantibus
787 2435 849 2499 iter.

58 2513 217 2573 faciebant.
230 2511 358 2574 Biduum
372 2513 402 2571 in
411 2513 490 2590 jugis
503 2516 611 2575 stativs
623 2512 741 2574 habita:
757 2512 846 2576 fessis

58 2592 160 2656 labore
176 2610 210 2652 ec
233 2589 389 2673 pugnando
410 2593 496 2671 quies
519 2590 585 2652 dats
609 2593 755 2655 militibus
773 2616 780 2656 r
798 2596 846 2675 jus

58 2765 129 2805 mats
142 2750 231 2806 valido
245 2751 369 2817 prmsldio
388 2767 434 2801 ex·
469 2751 580 2822 quidem
592 2749 667 2803 mord
683 2752 844 2822 agebantur,

59 2833 141 2871 treme
168 2819 291 2888 agminis
310 2817 432 2869 fuissent.
458 2818 845 2886 'utpotepraecipitss,idest,

62 2887 139 2939 Tunc
162 2902 297 2959 quoqne,
326 2886 433 2948 idest,
471 2887 619 2951 pendentes
647 2889 844 2954 quodammodo

59 2967 138 3021 etque
153 2953 233 3004 etism
252 2951 316 3005 licit
332 2950 433 3003 firmas·
467 2965 493 3004 et
504 2951 610 3020 jamjam
622 2955 842 3020 cnsurissimiles‚

60 3033 100 3073 set
112 3021 201 3085 pedite
215 3017 332 3071 Annibal
350 3033 434 3070 extre-
487 3037 513 3072 er
527 3034 611 3072 srctss
626 3023 693 3073 vias.
708 3023 743 3072 At
758 3021 851 3071 iidem

59 3103 103 3140 sne
120 3087 254 3155 agminis,
276 3099 406 3138 tarnem...
465 3035 517 3138 Hoc
533 3088 668 3138 commodi
679 3085 840 3145 afferebant,

71 3188 74 3197 ·
96 3169 124 3206 tn
144 3149 334 3219 (Elephanti,
360 3153 434 3206 sicut
469 3154 561 3221 quod,
587 3153 751 3219 quacumque
768 3152 844 3201 ince-

56 3219 218 3288 proecipr'tes
252 3235 303 3284 per
342 3231 434 3271 arctas
467 3221 585 3278 decent,
629 3231 714 3270 tutum
747 3231 863 3284 agmen·

61 3285 120 3336 vias
133 3288 142 3352 )
154 3289 295 3337 Possumus
305 3284 343 3336 slc
352 3301 435 3350 expo-
467 3285 624 3352 preberent.

57 3366 122 3406 nere
146 3369 155 3410 r
177 3350 321 3421 Elephanti
335 3348 432 3421 magni
