2016 3780
74 221 118 294 64
277 211 407 282 Tiri
453 209 614 278 lett

40 344 61 376 n
114 313 185 379 Xll.
206 314 240 378 ld
256 315 426 396 priusqulm
440 312 546 382 lieret,
564 312 605 371 ita
621 309 752 371 futurum
776 328 866 373 ccm-

40 406 48 434 ²
76 409 191 535 pertuso
211 418 248 458 ex
270 394 423 474 transfugis
443 393 566 456 fulvius
593 391 717 453 Flaccus
739 395 865 452 senatui

104 496 211 537 omano
226 478 293 538 cum
305 477 488 556 scripsisset,
499 474 582 538 varie
594 472 748 532 hominum
763 473 867 533 animi

77 575 132 635 pro
143 559 283 635 cujusque
302 555 410 615 animo'
421 552 524 614 allecti
539 564 620 613 =sunt.
645 553 730 613 Utin
749 563 866 612 ratam

76 637 192 716 trepida
200 681 209 709 ‚
217 647 324 695 senatu
337 635 490 714 extemplo
501 643 605 694 vocato
617 677 626 706 ,
637 633 667 693 P.
684 631 867 707 Cornelius,

74 719 124 777 cui
137 719 235 778 Asina
250 733 415 793 cognomen
436 723 521 786 erat,
539 732 641 773 omnes
658 711 748 772 ducas
773 732 868 772 exer-

75 798 209 876 citusque
233 816 270 854 ex
288 803 349 854 tota
365 794 450 852 ltalia
466 791 501 851 ad
524 793 606 853 urbis
625 789 800 874 presidium
815 812 868 853 re·

74 878 209 938 vocabat.
224 875 332 936 Fabius
341 873 491 933 Maximus
502 872 619 932 abscedi
634 873 651 932 a
664 872 788 951 Capua,
800 884 867 933 tet·-

74 961 192 1036 rerique
200 967 229 1013 et
238 955 399 1030 circumagi
411 950 445 1010 ad
458 961 545 1012 nutus
553 953 868 1034 comminationesque

74 1037 250 1105 Annibalis,
275 1032 419 1111 flagitium
435 1029 572 1101 ducebat.
600 1032 657 1112 Qui
684 1038 723 1093 ad
744 1032 867 1095 Cannas

75 1121 184 1190 victor,
209 1119 250 1175 ire
276 1126 369 1174 tomen
390 1115 428 1170 od
446 1111 541 1171 urbem
561 1133 647 1172 ausus
674 1134 728 1172 non
752 1128 836 1176 essct
851 1158 865 1187 ‚

75 1221 137 1259 eum
161 1199 179 1256 d
202 1195 316 1274 Capua,
332 1191 470 1270 repulsum
504 1212 581 1272 spem
601 1195 744 1271 'potiundo
781 1200 865 1257 urbis

75 1280 172 1339 Romu
190 1297 220 1335 ce
240 1275 320 1333 isael
349 1270 411 1330 Non
434 1275 473 1331 ad
499 1272 621 1332 Romam
651 1272 837 1343 obsidendam
853 1320 871 1350 „

75 1360 125 1418 aad
138 1359 177 1416 ad
228 1372 330 1434 apuam
363 1350 535 1413 liberandam
559 1350 700 1412 obsidione
720 1355 772 1413 ire.
801 1359 867 1417 Rc·

75 1457 150 1497 mam
179 1437 236 1495 crim
264 1454 295 1492 eo
321 1434 450 1491 exercitu
469 1476 479 1506 ‚
495 1436 544 1514 qui
565 1436 604 1491 ad
635 1431 730 1492 urbem
760 1449 867 1511 esset,

76 1516 172 1580 Iouem
189 1519 325 1585 foderum
349 1521 491 1590 ruptorum
516 1513 553 1573 ab
575 1511 712 1573 Annibale
733 1524 866 1592 testem,

75 1599 127 1657 den
162 1616 196 1654 uc
208 1595 280 1655 alios
301 1595 462 1662 defensuros
474 1614 543 1653 esse.
865 1648 868 1653 ,

116 1675 147 1739 Χ
166 1674 272 1736 llllaa
287 1672 418 1737 diversas
440 1673 599 1732 sententias
619 1672 717 1735 media
738 1684 868 1736 senten·

76 1754 118 1815 tia
137 1755 169 1814 P.
188 1753 300 1817 Valerii
323 1751 395 1812 vicit
416 1773 423 1812 ε
461 1753 492 1810 ui
513 1753 665 1831 utriusqus
680 1755 726 1812 rei
744 1772 867 1816 memor

77 1833 328 1912 imperatoribus,
351 1831 401 1909 qui
420 1771 460 1889 ad
479 1832 612 1908 Capuam
636 1843 760 1906 essent,
789 1838 867 1896 acri·

63 1911 204 1975 ,beatum
220 1911 354 1981 censuit,
372 1919 406 1968 ut
416 1909 454 1969 ab
468 1909 584 1987 reliquo
598 1921 629 1970 et
643 1914 717 1973 duce
728 1924 758 1971 et
774 1934 867 1976 exer·

77 1992 139 2053 citu
152 1991 252 2072 Capua
268 1987 568 2063 sactdohsideretur,
586 1990 623 2050 ad
643 1993 867 2074 prohibendam

77 2070 230 2133 obsidione
245 2071 387 2152 patriam,
409 2070 532 2131 Romam
552 2072 730 2133 veniendum
741 2092 817 2134 esse.

80 2212 84 2217 .
116 2153 202 2216 XVI.
217 2153 281 2213 lloc
307 2152 559 2213 senatusconsulto
575 2153 705 2233 Capuam
723 2155 865 2234 perlato,

77 2234 117 2313 Q.
130 2233 251 2295 Fulvius
264 2231 443 2313 proconsul,
460 2234 477 2290 d
497 2230 593 2291 tribua
607 2234 789 2296 exercitibus
800 2237 865 2294 mi-

77 2311 130 2372 lite
140 2314 252 2386 electo,
273 2311 308 2371 ad
319 2309 487 2391 quindecim
504 2310 598 2373 millia
610 2315 762 2394 peditum,
774 2313 862 2374 mille

76 2394 193 2472 equitas
209 2390 391 2456 Vulturnum
405 2390 553 2451 traducit.
580 2393 652 2453 lude
678 2395 745 2457 eum
770 2395 861 2454 Anni·

76 2471 173 2535 balam
184 2469 289 2531 Latini
300 2469 346 2527 vid
361 2470 472 2529 iturum
481 2470 549 2532 satia
558 2478 771 2556 comperisset,
790 2473 860 2555 ipse

76 2572 131 2636 per
149 2553 253 2634 Appia
280 2549 471 2629 municipia,
493 2560 621 2631 quaeque
645 2565 769 2636 propter
792 2574 861 2613 eam

76 2634 152 2693 tiam
175 2642 263 2706 suut,
285 2631 428 2713 praemisit
453 2675 462 2707 ,
481 2642 515 2691 ut
540 2646 719 2695 commeatus
736 2644 863 2724 paratos

76 2712 217 2772 haberant
232 2754 242 2784 ,
256 2721 287 2769 st
308 2711 339 2769 in
366 2714 446 2771 viam
465 2711 630 2792 proferrent
642 2733 650 2771 t
663 2709 861 2794 praesidiaque

76 2791 109 2849 in
120 2792 207 2849 urbes
227 2789 435 2849 contraherent
446 2803 557 2863 ,utana
570 2795 676 2871 cuique
688 2784 859 2869 respublica

78 2868 109 2927 iu
130 2887 216 2930 manu
240 2878 326 2925 esset.
341 2869 520 2949 Alacresqua
534 2874 646 2932 milites
656 2869 730 2928 alius
741 2865 858 2944 alium,

78 2957 111 3007 ut
137 2947 256 3009 adderet
281 2945 402 3022 gradum
424 2968 566 3022 memor,
588 2951 624 3011 ad
643 2944 859 3012 defendendam

77 3028 122 3087 ire
141 3031 290 3107 patriam,
311 3024 513 3084 hortabantur.
535 3064 538 3069 -

80 3152 84 3159 -
116 3110 187 3174 XV.
201 3109 326 3171 Romam
336 3100 529 3183 Fregellanus
542 3104 683 3180 nuncius„
697 3105 776 3168 diem
786 3128 858 3172 nor.

40 3199 64 3279 ᾗ.
77 3198 197 3272 temque
226 3187 334 3247 itiitere
365 3183 559 3259 continuato,
576 3185 728 3266 ingentem
759 3192 859 3254 attulit

77 3278 220 3334 terrorem
234 3293 245 3345 ς
261 3264 497 3346 tumultuosids,
513 3265 601 3352 quim
620 3266 757 3337 allaturis·
772 3283 857 3349 erat,

40 464 62 496 2.

40 528 66 559 Ὁ.

86 3430 106 3467 1
