2016 3780
126 163 129 169 ’
205 134 714 213 Nsusurroxxxu.
786 160 846 229 191

68 235 297 324 quemadmodiun
315 254 346 301 ut
362 243 519 311 uictorfert
538 238 662 299 Annibal
674 281 683 310 ,
697 242 737 298 sic
756 262 801 298 uos
817 252 849 300 ut

69 325 135 386 uicti
160 323 283 380 audiatis
296 343 309 394 ,·
342 324 367 378 si
395 343 447 378 non
476 323 505 379 id
530 325 603 400 quod
629 323 794 390 amittitur,
819 323 849 379 in

67 406 170 461 danrno
185 445 193 471 ,
219 404 304 476 (cuim
319 402 409 460 omnia
423 403 534 459 uictoris
549 400 628 474 sint)
649 404 697 459 sed
713 401 781 478 quid
801 402 850 460 uid

68 482 260 562 relinquitur,
274 502 328 562 pra
350 501 461 539 rnunere
488 478 610 539 dubitari
632 483 711 538 estis.
745 419 848 537 Uriiem

67 561 162 634 uobis,
183 560 266 640 quum
281 583 322 620 ex
337 581 440 639 magna
450 563 512 639 jorn
524 575 609 639 parre
627 563 767 629 dirutam,
781 580 849 638 cap·
881 585 885 592 ·

67 650 129 716 tatu
137 638 202 712 ferti
217 651 304 700 totam
321 638 423 713 iubet,
446 643 547 700 adimit
555 663 567 712 ;
585 658 670 717 agros
690 637 845 716 relinquit,

67 719 156 779 lucrm
183 724 407 800 assignaturus,
443 724 471 778 in
501 741 555 800 quo
586 740 683 777 norunt
715 722 846 853 oppidum

65 803 208 874 edificatis
221 823 233 858 r
246 822 345 859 aarum
363 813 567 880 argentumque
589 820 668 857 omne
681 841 690 870 ,
704 805 742 876 pu
762 797 845 856 licum

42 885 277 960 priuatamque,
313 885 406 940 adse
427 879 506 949 iubet
530 882 635 954 deferri
659 902 669 936 .·
699 879 845 955 conjugum

65 973 210 1039 uestraque
228 982 393 1040 corporane
413 958 562 1019 liberorum
579 969 730 1016 uestrorum
750 970 843 1016 seruat

65 1039 219 1111 inuiolata,
235 1045 260 1102 si
275 1043 394 1100 inernies
410 1061 471 1098 cum
483 1039 554 1098 binis
566 1039 736 1097 uestimentis
751 1036 844 1095 uelitis

63 1116 99 1193 ab
112 1116 239 1198 Sagunto
251 1123 341 1180 exire.
358 1119 426 1183 Huc
438 1122 522 1179 uictor
532 1121 619 1179 inustis
631 1120 759 1198 imperat.
780 1115 844 1176 Hac

63 1217 222 1282 quanquam
248 1204 306 1259 sint
337 1207 435 1278 grauia
463 1212 547 1281 atque
573 1197 697 1270 acerba,
725 1199 844 1266 fortuna

62 1289 152 1337 restra
172 1276 247 1338 uobis
265 1285 376 1340 suadet.
398 1280 535 1360 Equidem
551 1280 765 1358 houddesperu,
783 1278 843 1339 cin

62 1361 184 1417 omnium
207 1370 335 1437 potestus
361 1364 387 1418 ei
409 1364 493 1428 facta
516 1365 575 1431 sit,
602 1360 712 1440 aliquid
730 1379 775 1417 err
799 1356 843 1418 iris

63 1435 145 1493 rebus
163 1440 353 1496 remissurum.
376 1437 433 1496 Sed
453 1439 509 1495 irae
528 1442 661 1517 patienda
678 1458 773 1512 censeo
789 1458 842 1516 po·

62 1516 139 1588 titis,
161 1515 244 1594 purim
266 1518 402 1575 trucidari
422 1538 535 1595 corpora
557 1530 671 1588 uestra,
697 1522 758 1595 rapi
782 1529 842 1576 tra-

62 1595 146 1675 hique
167 1592 233 1653 anti
255 1616 304 1654 ura
325 1607 417 1654 vestra
442 1597 572 1675 coniuges
600 1618 633 1655 ac
651 1595 754 1656 liberos
773 1593 844 1656 betis·

51 1677 125 1742 ‘iure
143 1677 253 1734 sinatis.

100 1754 217 1816 XXIX.
248 1753 293 1814 Ad
314 1754 377 1814 haec
403 1753 544 1815 audienda
572 1753 640 1815 crim
664 1751 843 1816 circumfusi

59 1834 203 1916 paulatim
226 1829 414 1895 multitudine
428 1834 607 1916 permixtum
628 1836 741 1897 senatui
765 1844 843 1894 esset

59 1915 165 1994 popuii
177 1916 358 1988 concilium
374 1919 497 1996 repente
513 1919 658 1996 primores
674 1915 843 1976 secessione

58 1995 155 2067 factis,
182 1998 353 2074 priusquam
376 2015 549 2074 responsum
575 1995 715 2066 daretur,
737 2015 843 2071 argen-

61 2083 125 2128 tum
141 2090 299 2149 aurumque
316 2092 402 2131 omne
422 2093 458 2130 ex
480 2074 604 2153 publico
625 2074 795 2151 privatoque
810 2075 842 2131 in

59 2149 157 2209 furum
171 2151 331 2223 collatum,
351 2152 496 2226 inignem
511 2151 548 2211 ad
564 2151 595 2211 id
610 2151 717 2228 raptim
731 2151 842 2210 facturn

59 2231 276 2307 conjicientes,
296 2228 400 2289 eodum
415 2229 550 2310 plerique
567 2229 720 2310 semetipsi
736 2230 842 2311 praeci-

58 2312 239 2391 pitarernnt.

98 2390 198 2453 XXX.
227 2388 303 2452 Cium
318 2409 406 2449 exeo
442 2408 511 2451 avon
527 2409 561 2450 ac
575 2387 735 2471 trepidetio
750 2399 841 2450 totum

57 2471 160 2530 orbern
183 2471 381 2549 pervasisset,
404 2408 479 2530 aidus
503 2470 625 2552 insuper
645 2468 786 2549 tumultus
803 2490 840 2531 ex

10 2581 13 2589 »
56 2568 124 2609 arce
142 2549 268 2607 auditur.
293 2551 397 2611 Turris
417 2550 469 2608 diu
486 2562 622 2630 quassata
642 2549 808 2631 prociderat
829 2570 837 2608 t

54 2647 168 2706 perque
193 2630 307 2687 ruinam
331 2634 394 2707 eius
418 2631 524 2690 cohors
547 2632 702 2691 Poenorum
725 2630 839 2710 impetu

53 2708 133 2768 facio
157 2707 225 2768 crim
242 2711 358 2786 signum
379 2710 550 2790 imperatori
576 2709 724 2783 dedisset,
748 2710 839 2770 nuda·

55 2799 117 2848 tarn
146 2790 322 2849 stationibus
352 2789 550 2867 custodiisque
581 2792 678 2851 solitis
707 2790 837 2851 hostium

54 2889 119 2930 esse
136 2869 258 2942 urbem3
283 2889 343 2928 non
354 2868 552 2931 cunctandum
568 2871 599 2930 in
615 2869 665 2931 tali
681 2873 837 2932 occasione

54 2961 135 3009 ratus
145 2949 296 3022 Annibal,
320 2949 390 3010 iotis
410 2949 522 3010 viribus
537 2970 690 3030 eggressus
706 2951 810 3015 urbem
826 2978 838 3023 ς

54 3040 205 3089 momento
221 3030 319 3108 cepit,
339 3032 425 3108 signo
439 3028 528 3103 dato,
552 3043 584 3091 ut
596 3050 697 3093 omnes
711 3031 837 3110 puberes

42 3107 299 3168 interficerentur.
324 3111 410 3189 Quod
423 3112 584 3190 imperium
599 3108 738 3180 crudele,
756 3116 836 3166 cete·

56 3187 120 3247 rim
142 3190 234 3270 prope
254 3191 452 3259 necessarium
471 3193 622 3267 cognitum
640 3191 707 3268 ipso
728 3196 837 3246 eventu

57 3276 113 3336 est.
124 3266 268 3331 Cuienim
278 3270 361 3352 parci
372 3271 470 3354 potuit
481 3289 519 3338 ex
530 3270 586 3344 iis,
605 3268 657 3350 qui
669 3276 718 3328 aut
727 3260 837 3345 inclusi
