2016 3780
166 214 229 260 120
384 182 722 256 T1u1L1v'11

148 311 262 373 ‘pugna
275 278 371 372 coepte
387 301 487 362 esset,
510 291 568 368 jam
588 287 639 346 die
659 287 695 347 ad
712 303 854 346 occasum
871 283 954 346 incli-

143 370 147 375 ’
163 386 251 434 naute
267 372 383 431 iPoeno
399 373 501 450 prius,
519 369 626 426 deinde
643 370 678 427 ab
695 367 878 426 Romanuin
892 384 952 426 cas·

164 467 209 595 im
227 453 320 532 copiae
340 452 474 512 reducta.
496 450 559 509 Hoc
576 448 655 508 ilem
674 469 727 530 per
749 447 817 506 dies
840 445 955 528 aliquot

178 546 286 595 actum.

204 623 285 688 vlt.
323 623 408 682 Prior
436 641 554 702 semper
582 621 686 683 Poenus
715 618 823 699 copias
850 619 956 678 castris

164 702 310 765 educebat
330 723 336 760 :
357 706 441 782 prior
458 702 543 763 fessis
567 701 668 762 stando
683 701 800 780 signum
818 699 957 779 receptui

164 783 266 847 dabat.
294 784 340 844 Ab
360 785 464 843 neutri
490 794 573 860 parte
600 801 796 863 procursum,
823 780 958 838 telumve

165 867 308 936 missum,
324 876 376 925 aut
390 884 449 923 vox
461 862 518 922 ulle
536 875 608 922 orta.
624 863 756 923 Mediam
769 862 873 920 aciem
891 859 957 920 hinc

164 945 314 1016 Rdmani‚
342 943 425 1004 ittinc
451 944 710 1022 Carthaginienses
738 943 826 1000 misti
855 939 958 1013 Afris,

164 1044 280 1085 cornua
304 1027 381 1085 socii
401 1027 564 1084 tenebant:
585 1036 668 1083 erant
691 1036 790 1082 autem
816 1024 957 1101 utrinque

165 1105 290 1187 Hispani
319 1124 373 1185 pro
397 1105 545 1165 cornibus
580 1106 656 1165 Ante
684 1105 830 1162 Punicam
864 1107 958 1163 aciem

165 1187 320 1267 elephanti
347 1185 533 1247 castellorum
559 1185 661 1264 procul
684 1184 819 1263 speciem
842 1185 958 1262 praebe-

166 1267 247 1327 bant.
279 1265 348 1327 Jam
370 1265 427 1324 hoc
455 1268 486 1324 in
509 1267 643 1344 utrisque
670 1265 774 1323 castris
808 1267 958 1325 sermonis

166 1357 231 1403 erat
244 1344 339 1417 ‚·nt,
365 1357 397 1403 ut
420 1345 556 1405 instructi
578 1347 746 1417 stetissent,
762 1355 957 1422 pugnaturos.

166 1427 270 1506 Scipio
286 1423 336 1482 ubi
356 1424 417 1485 haec
433 1426 579 1486 obstinate
596 1425 707 1486 credita
724 1424 958 1498 animadvertit,

166 1506 265 1566 omnia
281 1505 316 1563 de
334 1506 478 1566 industrii
500 1507 532 1563 in
552 1527 620 1565 eum
637 1505 739 1579 diem,
762 1525 827 1584 quo
851 1526 959 1586 pugna·

166 1599 252 1647 turus
279 1597 368 1659 erat,
397 1588 529 1647 mutauit.
566 1587 721 1647 Tesseram
752 1588 880 1665 vesperi
914 1603 958 1668 per

168 1679 265 1727 castra
281 1666 383 1739 dedit,
399 1681 430 1726 ut
447 1678 515 1728 ante
532 1667 631 1726 lucem
648 1667 703 1724 viri
719 1666 852 1744 equique
866 1665 958 1726 curati
999 1660 1000 1705 ἶ

166 1757 199 1806 et
218 1748 318 1825 pransi
333 1760 431 1807 essent
456 1769 463 1806 t
485 1759 613 1807 armatus
634 1767 724 1827 eques
741 1745 886 1808 fraenatos
903 1750 958 1807 ius·

167 1837 313 1900 trstesque
336 1836 448 1884 teneret
467 1845 568 1903 equos

206 1913 291 1976 Vllt.
322 1915 453 1978 Vixdum
479 1916 549 1975 satis
573 1917 653 1975 certi.
679 1917 768 1992 luce,
792 1920 959 1998 equitatum

165 2015 285 2055 omnem
302 2015 368 2054 cum
384 1995 443 2055 levi
461 1995 606 2056 armatur&
624 1997 655 2055 in
669 2002 816 2061 stationes
833 2002 959 2061 Punicas

166 2076 293 2136 immisit
307 2097 313 2134 :
328 2075 568 2138 tndsscoufestim
579 2077 643 2158 ipse
657 2097 723 2138 cum
741 2082 829 2156 gravi
843 2083 957 2161 agmins

166 2154 319 2235 legionum
341 2157 484 2238 procedit.
501 2157 611 2217 Praeter
632 2160 808 2239 opinionem
828 2161 957 2223 destina·

166 2247 225 2297 tam
247 2257 367 2301 suorum
387 2238 600 2316 hostiumque,
622 2239 758 2299 Romano
773 2240 879 2303 milite
895 2261 957 2305 cor·

166 2318 253 2378 nibus
266 2316 414 2389 firmatis,
436 2318 527 2376 sociis
543 2317 573 2375 in
588 2318 719 2380 mediani
737 2320 834 2381 aciem
850 2342 957 2403 accep·

167 2400 216 2457 tis.
242 2396 382 2456 Asdrubal
399 2395 528 2456 clamore
545 2400 678 2474 equitum
696 2402 865 2477 excitatus,
882 2415 914 2466 ut
926 2420 958 2462 ex

132 2529 135 2533 .
167 2475 356 2536 tabernaculo
379 2475 542 2555 prosiluit,
563 2480 783 2560 tumultumque
805 2488 878 2544 ante
903 2483 955 2544 vai·

166 2555 249 2630 lum,
268 2568 298 2615 et
310 2555 539 2634 trepidationem
553 2563 691 2632 suorum,
709 2572 739 2620 et
755 2564 863 2642 procul
880 2569 954 2644 sigua

167 2637 320 2713 legionum
337 2635 482 2715 fulgentia
494 2682 503 2711 ,
513 2637 675 2718 plenosque
688 2639 822 2702 hostium
836 2660 953 2725 campos

168 2717 259 2780 vidit,
278 2719 444 2794 equitatum
463 2738 580 2777 omnem
606 2723 760 2800 extemplo
783 2723 815 2782 in
841 2729 954 2806 equites

167 2795 291 2854 emittit.
318 2795 384 2873 lpse
396 2817 462 2856 cum
476 2798 608 2876 peditum
622 2802 740 2878 agmine
754 2806 862 2865 castris
881 2825 955 2886 egre·

168 2872 265 2931 ditur:
286 2893 341 2932 neo
355 2889 394 2933 ex
409 2875 513 2936 ordine
530 2880 619 2938 solito
636 2882 795 2961 quicquam
814 2889 883 2947 acie
901 2890 954 2946 ins·

169 2952 292 3014 truendd
311 2965 412 3013 mutat.
431 2957 571 3034 Equitum
591 2961 702 3035 jamdiu
725 2983 835 3046 assceps
860 2984 955 3050 pugna

170 3045 233 3093 orat
254 3056 261 3093 ι
286 3054 340 3093 nec
368 3036 432 3112 ipsa
457 3055 510 3113 per
531 3056 563 3094 se
579 3037 697 3098 decerni
720 3054 860 3121 poterat,
893 3050 956 3128 quis

169 3111 264 3205 pulsis
277 3114 375 3192 (quud
388 3115 478 3195 prope
491 3113 538 3193 (6)
551 3116 679 3180 invicem
692 3120 803 3204 fiebat)
817 3126 956 3190 inscium

171 3194 303 3278 peditum
318 3206 396 3256 tutus
411 3206 548 3276 receptus
560 3209 634 3260 erut.

205 3335 222 3388 6
245 3334 405 3404 (Invicem)
427 3336 544 3391 Alternis
557 3339 670 3393 vicibus.
