2016 3780
136 181 202 274 '192
335 166 776 255 'Tiaeru‘

136 288 193 347 Cn.
214 283 374 359 Cornelii,
399 285 489 346 fuisse
513 285 544 343 in
573 284 678 359 mori,
707 281 869 367 quominhs
893 281 922 344 id

136 365 246 426 bellum
265 368 360 425 exitio
383 366 572 444 Carthaginis
593 365 701 427 finiret.
779 374 792 383 “’

49 482 126 535 Risus
177 470 260 533 xlv.
283 468 578 549 Carthaginiensibus
601 468 668 529 cbm
685 468 783 549 prima
799 467 922 529 collatio

4 539 117 647 {15¹²th
137 552 269 632 pecuniae
286 550 403 609 diutino
422 550 502 609 bello
519 551 668 610 exhaustis
687 547 820 607 difficilis
843 549 922 609 vide·

5 618 236 726 5,{,¹4,'¹ss,'',‘retur‚
269 631 469 709 maestitiaque
490 642 520 689 et
543 630 628 691 fletus
653 633 686 689 in
710 627 794 689 curii
819 639 921 703 esset,

4 728 40 773 ru.
135 710 283 771 ridentem
296 709 470 771 Annibalem
489 710 587 770 ierunt
606 721 811 790 conspectum.
832 709 921 787 Cujus

134 791 202 852 cbm
222 791 363 851 Asdrubal
382 789 488 851 Haedus
508 794 601 849 risum
624 793 796 871 increparet
820 790 855 847 in
869 810 918 870 pu-
945 850 948 855 ,

133 872 215 932 blico
237 871 306 930 fletu
321 916 329 945 ,
346 872 414 931 cum
431 871 497 949 ipse
512 870 708 950 lacrymarum
723 887 817 929 causa
834 880 912 929 esset.
1006 939 1008 948 Ι

134 950 192 1022 Si,
220 956 449 1034 quemadmodum
468 956 525 1010 oris
538 952 651 1009 habitas
665 953 791 1010 cernitur
805 951 915 1019 oculis,
1007 971 1008 1012 t

134 1033 250 1109 inquit.
268 1036 307 1092 sio
328 1045 357 1091 et
376 1033 486 1091 animus
507 1035 583 1091 intus
603 1035 679 1090 cerni
698 1041 817 1110 posset,
834 1026 918 1102 facili
1004 1038 1007 1107 f

134 1116 210 1173 nobis
228 1123 399 1193 appareret,
431 1135 483 1172 non
515 1111 596 1182 lati,
624 1115 673 1170 sed
692 1107 779 1190 prope'
802 1111 917 1170 omentis

133 1192 220 1252 molis
232 1195 323 1252 cordis
338 1192 430 1264 hunc,
451 1212 532 1273 quent
557 1194 725 1270 increpatis,
748 1191 840 1250 risum
854 1210 915 1250 esse.

137 1273 195 1351 Qui
220 1284 314 1331 tomen
333 1293 509 1353 nequaquam
530 1272 598 1329 oded
619 1282 664 1330 est
683 1274 915 1349 intempestiuus,

133 1372 217 1432 quarn
238 1354 409 1445 vestraru'toe
425 1351 552 1411 absurde
572 1364 656 1431 atque
676 1350 864 1409 abhorrentes
875 1348 915 1408 lo·

132 1453 232 1506 orymoe
255 1442 331 1490 sunt.
368 1430 445 1492 Tunc
460 1432 546 1507 flesse
566 1433 678 1502 decuit,
700 1431 760 1489 culm
788 1434 913 1509 adempto

133 1511 213 1572 nobis
223 1533 302 1570 arma
315 1554 324 1582 ‚
346 1514 462 1571 incensae
472 1533 558 1570 naues
569 1553 579 1582 ‚
599 1512 780 1570 interdictum
793 1509 912 1569 externis

133 1591 227 1653 bellis.
260 1591 315 1650 lllo
341 1595 414 1651 enim
436 1591 548 1651 uulnere
564 1592 740 1651 concidimus.
771 1590 914 1660 Tanton,

133 1675 284 1743 nimirum,
309 1693 349 1732 eoo
367 1671 488 1751 publicis
507 1671 592 1730 molis
612 1673 770 1742 sentimas,
785 1682 916 1751 quantana

133 1757 171 1811 od
194 1756 320 1830 privatos
342 1774 387 1811 res
410 1758 563 1832 pertinet:
587 1772 636 1810 nec
658 1754 686 1809 in
704 1754 748 1809 eis
772 1755 916 1832 quicquam
1004 1782 1007 1787 ·

132 1835 246 1902 acrius,
267 1832 350 1910 qudm
365 1837 492 1909 pecunia
504 1835 636 1889 damnum
656 1830 797 1891 stimulat.
818 1830 917 1906 Itaque

131 1911 189 1968 oiim
207 1911 298 1988 spolia
315 1913 393 1972 vieta
409 1909 578 1987 Carthagini
599 1909 841 1982 detrahebantur,
858 1910 915 1967 cam
1003 1918 1007 1933 '

132 1992 264 2048 inermem
276 1993 334 2068 jorn
351 2011 385 2049 ac
400 1995 502 2050 nudam
520 1992 636 2050 destitui
649 1993 722 2049 inter
733 2000 779 2050 tot
792 2000 915 2049 armatos

52 2066 60 2079 ⁸
130 2082 231 2149 gentes
252 2071 352 2142 Africae
373 2072 546 2142 cerneretis,
564 2091 643 2129 nemo
665 2072 818 2147 ingemuit.
843 2068 914 2129 Nunc

131 2152 198 2231 qaia
220 2150 414 2210 tributantes
433 2155 542 2231 priuato
564 2153 760 2222 conferendum
778 2160 840 2221 est,
860 2161 914 2208 ton·
949 2222 953 2227 .

131 2251 214 2312 quarn
237 2234 264 2289 in
280 2230 392 2310 publico
407 2235 510 2300 funere
531 2229 721 2308 compleretis.
757 2228 854 2307 Qudnt
874 2249 914 2288 ra·

132 2332 219 2381 reor,
250 2307 284 2368 ne
298 2300 462 2446 propediem'
481 2310 612 2369 sentiatis
633 2307 773 2371 levissimo
794 2311 825 2370 in
845 2305 914 2371 malo

131 2411 178 2448 uos
198 2387 278 2447 bodie
310 2409 478 2463 acrymasse.

27 2505 122 2578 ,Iliam
179 2500 253 2563 XV.
290 2503 360 2561 Hac
390 2503 517 2564 Annibal
546 2505 627 2588 apud
657 2504 915 2585 Carthaginenses·
972 2486 981 2545 l'

5 2582 122 2675 mmsf‘·
132 2581 257 2663 Scipio,
283 2585 425 2644 concione
448 2584 614 2660 advocati,
639 2586 856 2661 Masinissam,
881 2581 914 2646 ad

1 2641 256 2741 ἶῖςῑ,]’τεςηιιηι
285 2677 440 2744 paternum
473 2667 557 2728 Cirta
585 2666 726 2748 oppida,
756 2679 788 2727 et
810 2667 912 2727 ceteris

1 2744 114 2794 donatos.
131 2743 255 2803 urbibus
275 2746 433 2822 agrisque,
454 2765 524 2825 quae
547 2767 585 2807 ex
607 2764 700 2824 regno
717 2747 869 2830 Syphacis
887 2744 913 2803 in

131 2822 235 2906 pupuli
260 2823 384 2889 Romani
399 2837 577 2903 potestatem
591 2830 739 2887 venissent
756 2871 767 2899 ,
792 2824 913 2908 adjectis

132 2903 265 2977 donavit.
298 2905 352 2965 Cn.
382 2905 542 2967 Octavium
572 2907 695 2968 classem
722 2908 755 2966 in
781 2906 914 2969 Siciliam

131 2988 259 3045 ductam.
293 2985 348 3044 Cn.
378 2985 518 3044 Cornelio
535 2987 651 3047 consuli
673 2986 793 3049 tradere
822 2986 914 3069 jussit.

131 3065 260 3142 Legatos
283 3063 573 3142 Carthaginiensium
594 3067 718 3127 Romam
738 3067 914 3151 proficisci,

130 3157 164 3205 ut
177 3163 239 3222 quae
248 3143 285 3202 ab
297 3164 327 3203 se
340 3164 376 3203 ex
387 3144 489 3204 decem
510 3144 674 3223 legatorum
693 3148 840 3209 sententia
855 3159 915 3209 acta

129 3234 252 3296 essent,
269 3244 301 3281 ea
320 3224 438 3286 Patrum
456 3227 631 3290 auctoritate
647 3230 812 3313 populique
835 3233 916 3313 jussa

129 3301 383 3389 confirmarentur.

827 3397 916 3475 Xl'l·
