2016 3780
167 241 449 313 Nummum
495 238 724 312 XLVIII.
776 246 839 316 135
922 205 927 212 ¹

56 347 110 430 qud
132 351 289 406 exercitum
313 366 404 406 meum
432 344 611 435 alloquerer,
638 350 753 406 credidi.
779 348 841 406 Non

56 452 109 510 quo
124 433 204 487 uerba
222 447 341 507 utiquam
362 429 457 506 potiris
476 427 557 506 qudm
578 449 621 486 res
641 431 840 497 exercuerim

57 513 107 569 sed
122 512 187 588 quia
204 506 290 587 prope*
309 505 458 585 dpueritia
476 509 504 564 in
522 510 624 567 cestris
639 507 774 577 babitus,
794 505 842 582 (8)

55 608 195 648 assuerum
221 584 393 646 militaribus
414 589 544 665 ingeniis.
570 587 617 645 Ad
640 610 686 646 vos
707 591 844 668 quemad-

56 674 166 728 modum
186 667 307 748 loquar,
333 669 391 743 (9)
414 689 463 725 nec
486 667 651 738 consilium,
676 689 726 725 nec
751 669 843 725 oratio

57 752 218 827 suppeditat
233 771 243 805 .·
260 769 328 830 quos
340 769 374 805 ne
385 768 438 826 que
453 750 563 806 nemine
575 750 684 827 quidem
696 745 844 826 appellare

53 829 167 890 debeam
180 872 187 899 ,
199 832 266 888 scia.
284 825 387 887 Cives!
402 828 451 906 qui
462 827 478 884 d
489 830 584 906 patrie
598 840 688 886 uestra
702 828 843 886 descistis.

56 911 100 970 An
116 909 246 967 milites?
270 911 318 987 qui
340 910 486 987 imperium
505 911 713 986 auspiciumque
727 907 844 970 abnuis«,

56 993 114 1059 tis,
132 991 301 1047 sacramenti
318 988 483 1066 religionem
497 991 620 1067 rupistis.
638 987 743 1047 Hostes
755 985 767 1046 i
781 1009 844 1046 car-

54 1089 146 1149 pere,
167 1090 238 1138 ara,
259 1071 408 1138 vestitum,
427 1066 552 1126 habitum
569 1071 669 1125 ciuium
684 1089 806 1146 agnosco
829 1086 841 1124 .·

50 1152 156 1220 facte,
179 1151 278 1220 dicta,
305 1147 446 1219 consilia,
478 1151 587 1208 animos
609 1147 729 1206 bostium
754 1149 845 1207 video.

61 1229 137 1306 Quid
150 1230 221 1286 euim
236 1249 281 1287 vos
294 1270 303 1299 ,
325 1230 380 1287 nisi
391 1231 464 1307 quod
480 1226 632 1308 illcrgetes
643 1239 672 1286 et
685 1227 843 1299 Lacetani,

59 1318 111 1376 aut
125 1309 246 1385 aptastis
259 1307 359 1379 aliud,
375 1319 428 1365 aut
442 1311 577 1397 sperastis
590 1311 599 1366 I
628 1309 665 1366 Et
688 1308 734 1366 iili
749 1319 844 1366 tamen

57 1385 245 1447 Mandonium
267 1401 351 1466 atque
374 1386 549 1460 Indibilem,
577 1391 662 1465 regia
685 1386 845 1446 nobilitatis

58 1468 152 1538 viros,
171 1469 376 1535 ducesfuroris
397 1470 485 1525 secuti
507 1479 572 1526 sunt
591 1487 597 1523 :
620 1490 666 1526 vas
685 1470 845 1545 auspicium

59 1558 89 1604 et
114 1548 259 1626 imperium
284 1549 322 1603 nd
356 1544 488 1606 Umbrum
517 1548 629 1606 Atrium
653 1559 682 1606 et
708 1545 845 1608 Calenum

58 1625 173 1698 Albium
197 1624 349 1685 detulistis.

97 1717 184 1780 XIII.
202 1717 317 1798 Negate
329 1740 374 1778 vos
389 1720 421 1778 id
435 1739 529 1778 omnes
538 1720 661 1790 fecisse,
674 1720 844 1788 nutfactum

56 1798 200 1871 voluisse,
222 1798 355 1858 milites:
375 1819 525 1878 paucorum
542 1820 604 1858 eum
614 1802 740 1868 furorem
759 1808 848 1876 atque
937 1816 946 1831 ¹

57 1881 209 1939 amentiam
221 1900 289 1939 esse.
312 1876 446 1938 Libenter
461 1883 572 1939 credam
588 1877 765 1958 negantibus.
787 1877 844 1936 Ne'c

58 1963 131 2018 enim
154 1981 186 2018 en
206 1971 271 2018 sunt
293 1961 459 2030 commissa,
481 1981 542 2036 qua
555 1959 672 2036 vulgatu
689 1963 717 2017 in
733 1977 844 2017 omnem

59 2041 215 2097 exercitum
237 2043 298 2099 sine
316 2036 441 2118 piaculis
463 2037 624 2118 ingentibus
634 2040 753 2116 expiari
772 2058 843 2116 pos-

58 2121 125 2176 sint.
148 2116 253 2176 Inuitus
276 2139 309 2175 eu
331 2129 465 2196 tanquam
484 2116 597 2175 vulnere
621 2120 733 2198 attingo
759 2140 769 2173 .·
792 2121 844 2176 sed

58 2199 113 2256 nisi
137 2209 214 2256 tactu
231 2208 410 2276 tractataque
425 2199 522 2272 sanari
534 2219 588 2255 non
601 2210 726 2276 possunt.
749 2195 778 2256 E
798 2199 842 2254 ui·

59 2282 123 2336 dem
138 2277 231 2358 pulsis
252 2277 387 2356 Hispanid
404 2274 704 2356 Carthaginiensibus,
730 2218 840 2336 nulium

58 2357 148 2419 Iocum
170 2358 229 2416 tutd
252 2356 414 2438 provincid,
434 2356 527 2417 nullos
548 2357 672 2417 hemines
696 2360 843 2417 credebam

58 2459 141 2510 esse,
164 2441 212 2498 ubi
234 2443 289 2498 vita
318 2439 405 2496 invisa
433 2450 507 2496 esset
531 2459 593 2497 meu
615 2460 626 2495 .·
653 2439 695 2496 sic
721 2458 764 2496 me
786 2459 841 2496 non

60 2518 146 2576 solium
171 2521 298 2578 adversius
317 2521 404 2578 socias
422 2539 590 2600 gesseram,
613 2521 664 2578 sed
686 2519 770 2577 etiam
787 2521 843 2576 ad·

57 2600 150 2658 versis
170 2598 272 2657 hostes.
299 2596 330 2655 In
353 2601 455 2657 castris
476 2620 512 2658 en
533 2601 603 2656 meis
625 2600 781 2677 (quantbm
797 2617 843 2656 me

56 2681 150 2760 apinia
169 2677 304 2749 fefellit!
322 2678 334 2751 )
345 2681 428 2747 fama
445 2680 544 2738 mortis
565 2699 633 2738 meoe
649 2700 702 2736 non
724 2689 842 2757 accepta

57 2759 169 2832 sabim,
206 2763 255 2820 sed
285 2761 371 2818 etiarn
402 2770 569 2840 exspectata
584 2764 648 2817 est.
681 2757 743 2817 Non
768 2758 843 2836 qubd

57 2861 110 2919 ego
132 2837 245 2918 vulgari
258 2843 374 2910 facinus
393 2861 445 2919 per
466 2860 559 2898 omnes
581 2838 672 2898 velim.
702 2838 842 2918 Equidem

59 2924 83 2981 si
105 2931 192 2980 totum
217 2922 374 2981 exercitum
389 2940 480 2978 meum
497 2929 615 2980 mortem
636 2916 706 2978 mibi
729 2928 843 2995 optasse

59 3004 219 3073 crederem,
249 3000 293 3060 bic
317 3000 416 3061 statim
437 3013 503 3061 ante
527 2999 622 3060 oculus
649 3009 755 3055 vestros
781 3017 844 3054 mo-

60 3100 135 3138 rerer
150 3101 160 3138 :
179 3102 228 3139 nec
241 3103 285 3140 me
301 3085 358 3143 vita
370 3082 506 3161 juraret,
528 3083 619 3141 inrisa,
629 3077 732 3138 ciuibus
746 3087 775 3136 et
788 3078 843 3136 mi-

58 3159 155 3237 litibus
171 3162 249 3220 meis.

93 3276 107 3324 8
129 3274 314 3346 (Assuernm)
333 3276 432 3329 Assue-
465 3273 558 3327 oratio
573 3273 754 3352 suppeditat)
781 3270 841 3325 Nec

59 3357 157 3395 veram.
218 3368 223 3377 ι
466 3338 842 3401 sentsnnaemecuetbamffl

91 3408 433 3493 9(IVecconsiliunr,uee
466 3420 620 3478 suppetunt.
695 3458 701 3474 ‚.
832 3376 919 3544 :¹
