2016 3780
208 196 482 290 Nauorum
529 211 705 284 LVlll.
781 210 849 282 203

64 330 123 398 itu,
144 327 169 385 si
187 329 200 403 (
209 327 245 399 4)
267 322 303 383 ob
318 328 400 383 annis
414 324 610 402 septemdecim
626 327 664 382 eri
677 329 850 379 senectutem

66 428 174 486 semper
194 427 241 465 vos
262 417 375 463 etatem
395 424 485 463 meam
507 402 653 462 honoribus
679 404 778 460 vestris
798 418 851 454 on-

65 491 179 556 teistis,
200 507 252 565 ego
272 497 377 544 vestros
394 484 509 543 honores
532 481 612 544 rebus
633 484 764 562 gerendis
776 499 852 559 proe·

65 589 144 626 cessr.
856 582 858 593 ·

55 726 64 741 ,
106 657 206 720 V.'rlb
222 658 325 717 rostris
350 655 382 714 in
403 654 586 737 Capitolium
610 651 789 714 adscendit:
811 651 854 725 si·

64 737 127 797 mul
147 757 179 796 se
197 741 333 797 universa
353 739 459 797 concio
479 739 606 808 avertit,
623 747 653 794 et
671 745 771 794 secuta
785 732 853 791 Sci·

64 821 186 900 pionem
210 829 285 892 est:
312 817 386 878 adeo
407 829 440 876 ut
461 817 615 897 postremis
631 815 743 875 scribae
758 814 855 872 viato-

59 918 170 978 resque
202 898 334 957 tribunos
359 897 585 978 relinquerent,
616 915 670 956 nec
698 915 764 956 cum
786 894 853 966 iis,

65 992 171 1060 prater
198 976 335 1038 servilem
364 981 565 1051 comitatum,
596 987 626 1035 et
659 994 853 1057 praeconem,

65 1060 115 1136 qui
136 1077 217 1117 reum
242 1079 280 1117 ex
301 1063 406 1119 rostris
425 1058 559 1127 citabat,
581 1057 735 1138 quisquam
763 1063 853 1115 esset.

64 1139 166 1218 Scipio
184 1157 242 1196 non
264 1140 296 1195 in
315 1139 467 1218 Capitolio
485 1136 594 1209 ruodb,
614 1137 668 1197 sed
684 1157 738 1219 per
760 1147 854 1196 totam

65 1220 169 1278 urbem
192 1218 291 1277 omnia
315 1221 436 1298 templa
452 1218 540 1277 deum
567 1236 635 1276 cum
657 1215 772 1297 populo
792 1216 854 1276 Ro·

64 1319 154 1361 mano
170 1298 330 1360 circumiit.
354 1298 541 1359 Celebratior
564 1299 591 1357 is
614 1303 708 1378 prope
728 1298 791 1357 dies
814 1295 854 1356 ia&

66 1399 136 1440 vore
158 1378 334 1453 hominum,
363 1390 393 1436 et
419 1379 616 1438 aestimatione
636 1398 712 1439 vere
737 1378 859 1456 magni·⁵
949 1417 956 1427 -

66 1461 178 1519 tudinis
207 1463 270 1539 ejus
294 1458 373 1530 fuit,
408 1459 496 1536 quim
521 1478 581 1538 quo
602 1459 790 1539 triumphans
817 1457 855 1517 de

65 1541 200 1634 Syphace
221 1560 291 1619 rege
312 1548 341 1596 et
364 1537 657 1618 Carthaginiensibus
679 1539 785 1600 urbem
808 1546 857 1598 est

66 1632 212 1681 1nvectus.

106 1712 159 1777 Vl.
186 1711 243 1772 Hic
268 1711 421 1792 speciosus
445 1710 565 1772 ultimus
585 1708 648 1773 dies
669 1711 699 1772 P.
718 1708 855 1792 Scipioni
926 1725 931 1732 ’

64 1790 177 1856 illuxit.
210 1793 281 1854 Post
305 1791 418 1872 quem,
443 1792 511 1852 crim
534 1789 674 1850 invidiam
703 1804 735 1849 et
759 1803 856 1851 certa·

63 1876 145 1933 mina
171 1891 239 1932 cum
263 1873 392 1934 tribunis
413 1873 625 1952 prospiceret,
651 1871 698 1931 die
718 1871 856 1950 longiore

62 1954 225 2035 prodisti,
250 1954 282 2013 in
298 1954 467 2020 Lites-nium
483 1951 630 2012 concessit
644 1981 652 2025 3
678 1965 760 2015 certo
784 1972 857 2015 con·

67 2031 196 2092 sillone
218 2030 254 2091 acl
275 2053 397 2095 causam
421 2032 578 2091 dicendam
606 2032 731 2093 adesset.
757 2034 855 2111 Maior

66 2115 183 2174 animus
200 2123 230 2170 et
246 2126 349 2174 natura
360 2122 443 2184 erat,
459 2132 493 2173 ac
506 2111 612 2189 majori
624 2109 747 2190 fortune
760 2133 857 2174 assue-

67 2202 136 2265 tus,
164 2190 251 2271 quim
267 2205 299 2251 ut
315 2213 383 2253 reus
398 2211 462 2252 esse
479 2195 590 2265 sciret,
614 2203 645 2249 et
658 2197 872 2267 summittere

67 2291 101 2335 se
123 2273 156 2331 in
178 2272 377 2334 humilitatem
392 2293 509 2334 causam
524 2271 701 2333 dicentium.

108 2364 178 2429 Vll.
211 2366 270 2426 Ubi
298 2363 364 2425 dies
386 2365 490 2438 venit,
516 2365 662 2446 citarique
685 2367 789 2428 absens
810 2375 856 2428 est
908 2418 911 2425 .

68 2458 200 2526 ceptus,
228 2447 261 2507 L.
286 2446 388 2526 Scipio
408 2448 549 2507 morbum
574 2467 690 2507 causam
715 2468 780 2509 esse
802 2469 856 2510 cur
920 2460 926 2470 “

63 2529 207 2599 abesset,
227 2526 399 2589 excusabat.
425 2529 523 2607 Quam
542 2529 763 2589 excusationem
785 2530 856 2590 crim

36 2662 40 2669 .
70 2603 211 2678 tribuni,
224 2607 274 2685 qui
296 2606 375 2666 diem
395 2607 557 2682 dixerant,
581 2627 638 2680 non
660 2612 863 2689 acciperent,

69 2697 101 2747 et
127 2687 164 2746 ab
183 2685 288 2746 eadem
312 2688 453 2768 superbia
471 2708 531 2748 non
558 2690 659 2747 venire
680 2689 716 2749 sd
737 2709 857 2751 causam

69 2764 228 2828 dicendam
251 2779 430 2847 arguerent,
452 2768 512 2850 quil
538 2768 683 2846 judicium
705 2781 736 2830 et
761 2772 856 2833 tribu-

104 2910 121 2974 4
135 2909 195 2976 (Ab
207 2909 288 2964 annis
298 2908 447 2978 septernrie-
478 2907 593 2961 multrim
604 2927 720 2978 egressus
737 2927 792 2966 erat
809 2932 860 2968 an.

72 2975 275 3042 eirrr)Abauno
285 2977 448 3030 oetatisdeci-
479 2977 858 3043 nosseptemdecimeacdein·
915 2993 919 3001 “
942 2980 948 2991 '

72 3044 447 3109 moseptimo.Annodemum
481 3044 512 3094 de
537 3047 637 3107 etiam,
663 3059 802 3115 antequam
826 3051 860 3109 in
956 3062 959 3069 '

73 3110 158 3161 aetatis
192 3111 319 3177 vigesimo
355 3124 447 3180 quarto
481 3111 639 3176 Hispaniam
662 3114 742 3174 iret,
772 3116 856 3170 edistis

73 3177 169 3228 missus
187 3176 214 3227 in
230 3177 385 3243 Hispaniam
399 3179 448 3230 fuit
481 3179 579 3229 curulis
590 3179 693 3230 summi
703 3176 795 3248 populi
808 3202 859 3236 vo-

74 3244 178 3309 Scipio.
193 3243 244 3296 Sed
254 3244 449 3297 tribunusmili-
482 3245 603 3308 luntate,
625 3245 686 3298 clun
711 3249 857 3316 legitimam

74 3322 203 3362 tumeret
223 3312 357 3379 inpugna
377 3312 450 3364 Can·
481 3325 585 3363 mtatem
595 3314 876 3387 nondumbnlretetg'
931 3322 935 3327 ’
991 3350 999 3359 -

75 3377 153 3460 mensi
161 3415 169 3447 ,
183 3394 236 3453 quo
247 3391 366 3448 temporo
377 3378 449 3433 haud
479 3377 567 3443 iactus
582 3379 676 3445 fuerat.
740 3388 742 3392 ’
