2016 3780
253 139 504 211 Nannnrro
551 139 709 210 XLIV.
805 163 865 210 111

91 263 223 327 pugnoe,
249 255 277 304 et
311 245 460 324 Ligures,
479 245 583 305 durum
604 246 634 303 in
658 244 746 304 armis
765 257 869 322 genus.

81 344 83 355 ⁴
131 325 246 387 XXVI.
263 325 376 385 Eodem
405 328 479 402 versi
497 326 673 406 elephanti,
700 326 753 404 qui
771 327 869 403 primo

82 406 206 484 impetu
225 407 408 472 turbaverant
422 408 648 484 antesignanos,
667 409 770 483 etjam
786 407 870 482 signe

91 497 244 546 moverant
259 487 345 546 loco:
360 485 466 545 deinde
481 532 489 559 ,
505 500 655 546 crescente
671 485 830 546 certamine
840 495 871 543 et

92 568 243 639 clamore,
264 568 457 647 impotentius
470 569 528 645 jam
548 570 629 645 regi,
650 577 681 624 et
700 566 777 624 inter
797 565 869 625 duas

93 648 172 706 acies
204 651 313 707 versari
329 692 338 720 ‚
354 651 435 708 velut
461 649 568 708 incerti
597 667 722 725 quorum
748 658 873 718 essent,

91 726 168 787 haud
198 727 385 788 dissimiliter
418 728 544 793 navibus
569 730 633 786 sine
672 726 873 806 gubernaculo

91 827 125 868 va
148 827 184 868 rs.

127 828 229 950 ilXV.
255 888 419 965 Claudius,
440 891 515 968 Quid
539 890 605 968 argi
626 889 763 967 precipiti
790 908 872 946 cursu

87 980 149 1044 gam
168 968 280 1047 longum
307 977 361 1033 iter
380 974 484 1032 emensi
504 969 622 1029 sumus?
636 969 790 1028 clamitans
814 967 872 1051 mi-

91 1047 193 1108 litibus
205 1093 215 1120 ‚
227 1050 294 1109 clun
311 1055 343 1110 in
366 1053 517 1113 adversum
534 1052 642 1108 collem
666 1048 772 1110 frustra
788 1049 873 1126 signa

92 1129 209 1204 erigere
238 1145 361 1190 conatus
388 1144 487 1204 esset,
512 1143 666 1211 postquam
692 1131 727 1190 eei
751 1133 874 1204 regione

91 1211 242 1287 penetrari
263 1212 297 1271 ad
315 1213 497 1280 hostemnon
518 1211 634 1285 videbat
648 1231 755 1301 posse,
768 1210 875 1268 cohor·

93 1299 137 1346 tes
160 1288 273 1370 aliquot
296 1293 455 1354 subductas
472 1295 488 1351 e
503 1291 605 1351 dextro
627 1310 717 1351 cornu
732 1336 740 1364 ,
756 1289 806 1347 ubi
819 1301 875 1348 sta-

92 1369 203 1427 tionem
219 1375 317 1450 magis
333 1394 479 1449 segnem,
500 1377 587 1450 quam
605 1391 730 1450 pugnam
748 1370 874 1430 futuram

92 1451 251 1523 cernebat,
266 1465 334 1533 post
353 1455 448 1514 aciem
462 1451 669 1513 circumducit.
684 1453 721 1513 Et
737 1451 874 1510 nonhos-

92 1529 172 1589 tibus
192 1532 301 1605 modo,
323 1535 373 1593 sed
393 1534 485 1592 etiam
507 1534 566 1593 suis
583 1532 824 1612 inopinantibus,
840 1532 876 1588 in

93 1609 227 1670 dextrum
243 1612 371 1674 hostium
388 1613 464 1672 latus
481 1615 625 1672 incurrit:
639 1624 777 1690 tantaque
793 1612 874 1670 cele-

92 1692 163 1751 ritas
179 1691 258 1766 fuit,
279 1705 310 1754 ut
327 1697 395 1767 cum
418 1695 613 1753 ostendissent
638 1713 668 1752 se
692 1693 742 1751 ab,
756 1695 874 1766 latere,
960 1766 965 1771 Ι

91 1791 163 1831 mox
190 1774 222 1831 in
244 1786 324 1853 terga
341 1780 399 1856 jem
425 1786 596 1855 pugnarent.
622 1774 665 1834 ltt
683 1795 720 1833 ex
737 1774 875 1834 omnibus

91 1853 244 1932 partibus,
268 1858 305 1916 ab
320 1857 416 1916 fronte
433 1900 443 1928 ,
461 1857 495 1915 ab
509 1857 602 1915 latere
617 1899 626 1927 ,
642 1855 681 1914 ab
698 1867 799 1934 tergo,
814 1867 874 1913 tru-

91 1934 224 1993 cidantur
235 1938 361 2017 Hispani
383 1937 585 2016 Liguresque:
602 1935 678 1994 etad
694 1935 798 1994 Gallos
814 1937 873 2011 jam

92 2013 184 2073 caedes
195 2028 376 2094 pervenerat.
391 2017 436 2076 lbi
452 2019 606 2075 minimum
620 2018 790 2074 certaminis
805 2015 873 2076 luit.

93 2092 167 2168 Nam
187 2105 217 2151 et
235 2116 307 2174 pars
326 2116 434 2173 magna
453 2097 488 2155 ab
509 2099 601 2174 signis
626 2096 746 2153 aberant
761 2140 770 2167 ,
786 2107 874 2156 nocte
960 2113 969 2129 ··

92 2170 219 2252 dilapsi,
235 2175 377 2255 stratique
399 2194 502 2236 somno
527 2176 636 2256 passim
657 2194 710 2255 per
726 2195 809 2252 agros
824 2185 875 2234 :et

92 2253 144 2329 qui
159 2251 280 2313 aderant
292 2299 300 2328 ,
310 2257 418 2315 itinere
434 2276 467 2317 ac
487 2256 599 2333 vigiliis
613 2253 682 2315 fessi
697 2299 706 2328 ,
719 2253 875 2319 intoleran-

93 2332 207 2394 tissima
217 2332 325 2395 laboris
335 2356 460 2416 corpora
473 2380 482 2408 ,
499 2340 548 2397 vix
562 2356 640 2396 arma
661 2335 793 2396 humeris
806 2354 876 2415 ges-

92 2414 200 2477 tabant.
227 2415 267 2474 Εἴ
286 2420 346 2496 jam
362 2417 424 2476 diei
443 2417 570 2478 medium
598 2429 660 2478 erat
678 2418 826 2496 ,sitisque
844 2426 875 2474 et

92 2495 173 2633 caqu
193 2495 319 2632 piantes
343 2497 493 2560 cadendos
511 2499 730 2580 capiendosque
753 2497 874 2560 affatim

114 2595 152 2632 rae
175 2595 190 2632 e
213 2586 252 2636 at.
614 2628 617 2631 ,
812 2599 818 2605 ·

92 2595 113 2655 P
131 2654 248 2718 XXVI.
264 2657 423 2737 Elephanti
440 2661 541 2740 plures
551 2661 586 2719 ab
601 2663 674 2741 ipsis
687 2662 870 2739 rectoribus,
946 2654 997 2726 Ed*

91 2737 180 2816 quam
195 2735 231 2797 eb
242 2736 328 2796 hoste
340 2739 498 2800 interlecti.
512 2738 629 2802 Fabrile
642 2746 788 2827 scalprum
802 2766 869 2806 cum
879 2714 997 2822 {mi

91 2819 199 2880 malleo
213 2817 369 2880 habebant.
380 2820 428 2896 ld,
441 2822 492 2882 ubi
502 2822 611 2888 saevire
628 2823 732 2885 belluae
742 2847 775 2887 ac
784 2847 869 2887 ruere
881 2833 921 2881 bus
946 2833 988 2881 in.

91 2900 124 2958 in
147 2918 214 2960 suos
230 2911 403 2980 coeperant,
422 2904 565 2981 magister
586 2905 665 2964 inter
687 2927 770 2967 aures
787 2890 989 2987 posi-“ff“‘i‘

92 2991 167 3051 tum,
177 2981 244 3061 ipso
253 2981 285 3038 in
293 2981 420 3053 articulo
432 3003 491 3063 quo
501 2983 633 3062 jungitur
644 2989 739 3066 capiti
751 2987 872 3063 cervix)

94 3071 202 3135 quanto
216 3062 346 3121 maximo
374 3075 492 3143 poterat
521 3066 582 3125 ictu
600 3065 747 3143 adigebat.
764 3067 810 3128 Ea
822 3086 871 3128 ce-

93 3138 217 3198 lerrima
228 3141 277 3200 via
291 3145 529 3206 mortisintantae
544 3144 632 3204 molis
649 3146 743 3206 belloi
755 3148 878 3210 invente

95 3230 174 3295 erat,
190 3219 240 3277 ubi
252 3222 369 3299 regendi
387 3243 470 3305 spem
481 3224 621 3285 vicissent
633 3248 640 3286 :
653 3229 823 3308 primusque
839 3228 876 3291 id

95 3298 448 3382 Asdrubalinstituerat,
479 3304 700 3388 durcluusaepe
717 3306 790 3372 aliis
810 3300 877 3373 mil
939 3310 950 3383 ,’
981 3330 984 3337 ·

878 3316 986 3536 a

598 3568 608 3594 t
