<?xml version="1.0" encoding="UTF-8"?>
<!DOCTYPE html PUBLIC "-//W3C//DTD XHTML 1.0 Transitional//EN"
    "http://www.w3.org/TR/xhtml1/DTD/xhtml1-transitional.dtd">
<html xmlns="http://www.w3.org/1999/xhtml" xml:lang="en" lang="en">
 <head>
  <title>
</title>
<meta http-equiv="Content-Type" content="text/html;charset=utf-8" />
  <meta name='ocr-system' content='tesseract 3.04.00' />
  <meta name='ocr-capabilities' content='ocr_page ocr_carea ocr_par ocr_line ocrx_word'/>
</head>
<body>
  <div class='ocr_page' id='page_1' title='image "./selectaetitoliv00livygoog_0256.png"; bbox 0 0 2016 3780; ppageno 0'>
   <div class='ocr_carea' id='block_1_1' title="bbox 164 113 840 239">
    <p class='ocr_par' dir='ltr' id='par_1_1' title="bbox 164 113 840 239">
     <span class='ocr_line' id='line_1_1' title="bbox 164 113 840 239; baseline 0.012 -8"><span class='ocrx_word' id='word_1_1' title='bbox 164 163 437 235; x_wconf 78' lang='lat' dir='ltr'><em>Nnaunrro</em></span> <span class='ocrx_word' id='word_1_2' title='bbox 485 162 706 236; x_wconf 83' lang='lat' dir='ltr'><em>xxxttt.</em></span> <span class='ocrx_word' id='word_1_3' title='bbox 765 113 840 239; x_wconf 36' lang='lat'><em>&#39;15</em></span> 
     </span>
    </p>
   </div>
   <div class='ocr_carea' id='block_1_2' title="bbox 51 277 962 2686">
    <p class='ocr_par' dir='ltr' id='par_1_2' title="bbox 51 277 962 2686">
     <span class='ocr_line' id='line_1_2' title="bbox 59 277 840 361; baseline -0.013 -19"><span class='ocrx_word' id='word_1_4' title='bbox 59 291 196 361; x_wconf 84' lang='lat' dir='ltr'><em>acceptas</em></span> <span class='ocrx_word' id='word_1_5' title='bbox 215 278 363 339; x_wconf 75' lang='lat' dir='ltr'><strong>referret:</strong></span> <span class='ocrx_word' id='word_1_6' title='bbox 388 282 578 359; x_wconf 79' lang='lat' dir='ltr'><em>magistroque</em></span> <span class='ocrx_word' id='word_1_7' title='bbox 601 285 743 360; x_wconf 79' lang='lat' dir='ltr'><em>equitum,</em></span> <span class='ocrx_word' id='word_1_8' title='bbox 769 277 840 355; x_wconf 79' lang='lat' dir='ltr'><em>quid</em></span> 
     </span>
     <span class='ocr_line' id='line_1_3' title="bbox 59 355 860 441; baseline -0.015 -20"><span class='ocrx_word' id='word_1_9' title='bbox 59 365 273 421; x_wconf 83' lang='lat' dir='ltr'><em>contradictum</em></span> <span class='ocrx_word' id='word_1_10' title='bbox 290 381 366 418; x_wconf 86' lang='lat' dir='ltr'><em>suum</em></span> <span class='ocrx_word' id='word_1_11' title='bbox 376 372 553 441; x_wconf 76' lang='lat' dir='ltr'><strong><em>pugnasset,</em></strong></span> <span class='ocrx_word' id='word_1_12' title='bbox 568 364 703 419; x_wconf 82' lang='lat' dir='ltr'><em>rationem</em></span> <span class='ocrx_word' id='word_1_13' title='bbox 727 355 842 413; x_wconf 84' lang='lat' dir='ltr'><em>diceret</em></span> <span class='ocrx_word' id='word_1_14' title='bbox 856 398 860 405; x_wconf 94' lang='grc'><em>.</em></span> 
     </span>
     <span class='ocr_line' id='line_1_4' title="bbox 52 437 841 519; baseline -0.013 -20"><span class='ocrx_word' id='word_1_15' title='bbox 52 445 229 511; x_wconf 24' lang='lat' dir='ltr'><em>,reddendum</em></span> <span class='ocrx_word' id='word_1_16' title='bbox 251 462 319 500; x_wconf 87' lang='lat' dir='ltr'><em>esse.</em></span> <span class='ocrx_word' id='word_1_17' title='bbox 336 439 367 499; x_wconf 71' lang='grc' dir='ltr'><em>δι’</em></span> <span class='ocrx_word' id='word_1_18' title='bbox 376 444 460 519; x_wconf 77' lang='lat' dir='ltr'><em>penis</em></span> <span class='ocrx_word' id='word_1_19' title='bbox 479 462 508 497; x_wconf 86' lang='lat' dir='ltr'><em>se</em></span> <span class='ocrx_word' id='word_1_20' title='bbox 526 460 634 498; x_wconf 87' lang='lat' dir='ltr'><em>summu</em></span> <span class='ocrx_word' id='word_1_21' title='bbox 651 437 761 516; x_wconf 81' lang='lat' dir='ltr'><em>imperii</em></span> <span class='ocrx_word' id='word_1_22' title='bbox 776 452 841 491; x_wconf 83' lang='lat' dir='ltr'><em>con-</em></span> 
     </span>
     <span class='ocr_line' id='line_1_5' title="bbox 59 510 842 602; baseline -0.013 -22"><span class='ocrx_word' id='word_1_23' title='bbox 59 521 170 602; x_wconf 72' lang='lat' dir='ltr'><em>sititque</em></span> <span class='ocrx_word' id='word_1_24' title='bbox 189 525 228 583; x_wconf 86' lang='lat' dir='ltr'><em>sit</em></span> <span class='ocrx_word' id='word_1_25' title='bbox 239 564 248 593; x_wconf 90' lang='lat'><em>,</em></span> <span class='ocrx_word' id='word_1_26' title='bbox 259 523 418 601; x_wconf 80' lang='lat' dir='ltr'><em>propediem</em></span> <span class='ocrx_word' id='word_1_27' title='bbox 442 519 602 595; x_wconf 81' lang='lat' dir='ltr'><em>effecturum</em></span> <span class='ocrx_word' id='word_1_28' title='bbox 616 564 625 593; x_wconf 89' lang='lat'>‚</span> <span class='ocrx_word' id='word_1_29' title='bbox 640 533 672 578; x_wconf 86' lang='lat' dir='ltr'><em>ut</em></span> <span class='ocrx_word' id='word_1_30' title='bbox 688 518 778 577; x_wconf 84' lang='lat' dir='ltr'><em>sciunt</em></span> <span class='ocrx_word' id='word_1_31' title='bbox 793 510 842 570; x_wconf 79' lang='lat' dir='ltr'><em>io·</em></span> 
     </span>
     <span class='ocr_line' id='line_1_6' title="bbox 55 601 842 680; baseline -0.018 -17"><span class='ocrx_word' id='word_1_32' title='bbox 55 606 148 669; x_wconf 74' lang='lat' dir='ltr'><em>,mines</em></span> <span class='ocrx_word' id='word_1_33' title='bbox 169 601 237 662; x_wconf 81' lang='lat' dir='ltr'><em>bono</em></span> <span class='ocrx_word' id='word_1_34' title='bbox 265 602 426 680; x_wconf 82' lang='lat' dir='ltr'><em>imperatori</em></span> <span class='ocrx_word' id='word_1_35' title='bbox 464 601 539 659; x_wconf 79' lang='lat' dir='ltr'><em>haud</em></span> <span class='ocrx_word' id='word_1_36' title='bbox 571 603 669 679; x_wconf 82' lang='lat' dir='ltr'><em>magni</em></span> <span class='ocrx_word' id='word_1_37' title='bbox 692 603 842 670; x_wconf 84' lang='lat' dir='ltr'><em>fortunam</em></span> 
     </span>
     <span class='ocr_line' id='line_1_7' title="bbox 58 672 842 762; baseline -0.015 -20"><span class='ocrx_word' id='word_1_38' title='bbox 58 687 191 751; x_wconf 74' lang='lat' dir='ltr'><em>mauronti</em></span> <span class='ocrx_word' id='word_1_39' title='bbox 201 704 261 742; x_wconf 86' lang='lat' dir='ltr'><em>esse</em></span> <span class='ocrx_word' id='word_1_40' title='bbox 275 704 285 739; x_wconf 89' lang='grc'><em>,·</em></span> <span class='ocrx_word' id='word_1_41' title='bbox 303 694 423 741; x_wconf 89' lang='lat' dir='ltr'><em>mentem</em></span> <span class='ocrx_word' id='word_1_42' title='bbox 440 685 629 762; x_wconf 80' lang='lat' dir='ltr'><em>rationemque</em></span> <span class='ocrx_word' id='word_1_43' title='bbox 643 679 791 739; x_wconf 81' lang='lat' dir='ltr'><em>dominari.</em></span> <span class='ocrx_word' id='word_1_44' title='bbox 803 672 842 731; x_wconf 86' lang='lat' dir='ltr'><em>Se</em></span> 
     </span>
     <span class='ocr_line' id='line_1_8' title="bbox 58 761 843 843; baseline -0.01 -20"><span class='ocrx_word' id='word_1_45' title='bbox 58 765 146 843; x_wconf 88' lang='lat'>(17)</span> <span class='ocrx_word' id='word_1_46' title='bbox 175 767 204 823; x_wconf 87' lang='lat' dir='ltr'><em>in</em></span> <span class='ocrx_word' id='word_1_47' title='bbox 237 775 382 841; x_wconf 84' lang='lat' dir='ltr'><em>tempore,</em></span> <span class='ocrx_word' id='word_1_48' title='bbox 404 773 433 821; x_wconf 89' lang='lat' dir='ltr'><em>et</em></span> <span class='ocrx_word' id='word_1_49' title='bbox 457 761 686 842; x_wconf 81' lang='lat' dir='ltr'><em>sineiguominid</em></span> <span class='ocrx_word' id='word_1_50' title='bbox 717 773 843 816; x_wconf 74' lang='lat' dir='ltr'><em>servasse</em></span> 
     </span>
     <span class='ocr_line' id='line_1_9' title="bbox 51 839 841 924; baseline -0.013 -21"><span class='ocrx_word' id='word_1_51' title='bbox 51 847 213 904; x_wconf 81' lang='lat' dir='ltr'><em>,exereitum</em></span> <span class='ocrx_word' id='word_1_52' title='bbox 229 843 332 924; x_wconf 86' lang='lat' dir='ltr'><em>,qudm</em></span> <span class='ocrx_word' id='word_1_53' title='bbox 347 841 437 901; x_wconf 85' lang='lat' dir='ltr'><em>multa</em></span> <span class='ocrx_word' id='word_1_54' title='bbox 450 841 541 901; x_wconf 81' lang='lat' dir='ltr'><em>millio</em></span> <span class='ocrx_word' id='word_1_55' title='bbox 556 844 676 902; x_wconf 78' lang='lat' dir='ltr'><em>hostium</em></span> <span class='ocrx_word' id='word_1_56' title='bbox 685 839 841 905; x_wconf 81' lang='lat' dir='ltr'><em>occidisse,</em></span> 
     </span>
     <span class='ocr_line' id='line_1_10' title="bbox 56 922 962 1003; baseline 0.001 -20"><span class='ocrx_word' id='word_1_57' title='bbox 56 928 155 984; x_wconf 84' lang='lat' dir='ltr'><em>ducere</em></span> <span class='ocrx_word' id='word_1_58' title='bbox 168 926 301 1002; x_wconf 77' lang='lat' dir='ltr'><em>mojorem</em></span> <span class='ocrx_word' id='word_1_59' title='bbox 313 922 437 1003; x_wconf 75' lang='lat' dir='ltr'><em>glorium</em></span> <span class='ocrx_word' id='word_1_60' title='bbox 447 945 519 982; x_wconf 85' lang='lat' dir='ltr'><em>esse.</em></span> <span class='ocrx_word' id='word_1_61' title='bbox 957 972 962 984; x_wconf 89' lang='lat'><em>.</em></span> 
     </span>
     <span class='ocr_line' id='line_1_11' title="bbox 96 971 962 1094; baseline -0.01 -32"><span class='ocrx_word' id='word_1_62' title='bbox 96 1002 212 1064; x_wconf 89' lang='lat' dir='ltr'><strong>XXVI.</strong></span> <span class='ocrx_word' id='word_1_63' title='bbox 248 1002 341 1081; x_wconf 87' lang='lat' dir='ltr'><em>Hujus</em></span> <span class='ocrx_word' id='word_1_64' title='bbox 366 1005 486 1081; x_wconf 84' lang='lat' dir='ltr'><em>generis</em></span> <span class='ocrx_word' id='word_1_65' title='bbox 519 998 703 1077; x_wconf 68' lang='lat' dir='ltr'><em>erationibus</em></span> <span class='ocrx_word' id='word_1_66' title='bbox 734 971 962 1094; x_wconf 50' lang='lat' dir='ltr'><em>frustraffiss}</em></span> 
     </span>
     <span class='ocr_line' id='line_1_12' title="bbox 57 1075 928 1155; baseline 0 -14"><span class='ocrx_word' id='word_1_67' title='bbox 57 1080 191 1155; x_wconf 88' lang='lat' dir='ltr'><em>habitis,</em></span> <span class='ocrx_word' id='word_1_68' title='bbox 214 1093 244 1140; x_wconf 85' lang='lat' dir='ltr'><em>at</em></span> <span class='ocrx_word' id='word_1_69' title='bbox 256 1083 378 1141; x_wconf 86' lang='lat' dir='ltr'><em>consule</em></span> <span class='ocrx_word' id='word_1_70' title='bbox 387 1095 489 1144; x_wconf 88' lang='lat' dir='ltr'><em>creato</em></span> <span class='ocrx_word' id='word_1_71' title='bbox 498 1082 538 1141; x_wconf 88' lang='lat' dir='ltr'><em>M.</em></span> <span class='ocrx_word' id='word_1_72' title='bbox 553 1082 648 1141; x_wconf 84' lang='lat' dir='ltr'><em>Atilio</em></span> <span class='ocrx_word' id='word_1_73' title='bbox 660 1075 777 1153; x_wconf 80' lang='lat' dir='ltr'><em>Regulo</em></span> <span class='ocrx_word' id='word_1_74' title='bbox 790 1077 841 1148; x_wconf 61' lang='lat'><em>31¹&amp;</em></span> <span class='ocrx_word' id='word_1_75' title='bbox 848 1093 928 1154; x_wconf 73' lang='lat' dir='ltr'><em>fectus</em></span> 
     </span>
     <span class='ocr_line' id='line_1_13' title="bbox 56 1153 916 1243; baseline -0.007 -24"><span class='ocrx_word' id='word_1_76' title='bbox 56 1179 186 1243; x_wconf 73' lang='lat' dir='ltr'><em>presens</em></span> <span class='ocrx_word' id='word_1_77' title='bbox 199 1161 235 1219; x_wconf 88' lang='lat' dir='ltr'><em>de</em></span> <span class='ocrx_word' id='word_1_78' title='bbox 249 1165 313 1238; x_wconf 80' lang='lat' dir='ltr'><em>jure</em></span> <span class='ocrx_word' id='word_1_79' title='bbox 326 1163 443 1243; x_wconf 85' lang='lat' dir='ltr'><em>imperii</em></span> <span class='ocrx_word' id='word_1_80' title='bbox 458 1164 610 1222; x_wconf 74' lang='lat' dir='ltr'>dimicaret</span> <span class='ocrx_word' id='word_1_81' title='bbox 621 1157 740 1243; x_wconf 87' lang='lat' dir='ltr'><em>,pridie</em></span> <span class='ocrx_word' id='word_1_82' title='bbox 755 1153 842 1234; x_wconf 70' lang='lat' dir='ltr'><em>quam</em></span> <span class='ocrx_word' id='word_1_83' title='bbox 859 1155 916 1206; x_wconf 71' lang='lat'><em>⁶0⁸·</em></span> 
     </span>
     <span class='ocr_line' id='line_1_14' title="bbox 58 1237 844 1318; baseline -0.008 -18"><span class='ocrx_word' id='word_1_84' title='bbox 58 1240 221 1318; x_wconf 77' lang='lat' dir='ltr'>rogationis</span> <span class='ocrx_word' id='word_1_85' title='bbox 238 1241 369 1315; x_wconf 41' lang='lat' dir='ltr'><em>ferendae,</em></span> <span class='ocrx_word' id='word_1_86' title='bbox 386 1243 449 1303; x_wconf 86' lang='lat' dir='ltr'><em>dies</em></span> <span class='ocrx_word' id='word_1_87' title='bbox 461 1245 591 1314; x_wconf 78' lang='lat' dir='ltr'><em>adesset,</em></span> <span class='ocrx_word' id='word_1_88' title='bbox 605 1253 691 1303; x_wconf 90' lang='lat' dir='ltr'><em>nocte</em></span> <span class='ocrx_word' id='word_1_89' title='bbox 708 1237 745 1297; x_wconf 87' lang='lat' dir='ltr'><em>ad</em></span> <span class='ocrx_word' id='word_1_90' title='bbox 756 1255 844 1296; x_wconf 84' lang='lat' dir='ltr'><em>exer·</em></span> 
     </span>
     <span class='ocr_line' id='line_1_15' title="bbox 59 1318 844 1403; baseline -0.006 -24"><span class='ocrx_word' id='word_1_91' title='bbox 59 1323 152 1379; x_wconf 87' lang='lat' dir='ltr'><em>citum</em></span> <span class='ocrx_word' id='word_1_92' title='bbox 178 1322 265 1387; x_wconf 80' lang='lat' dir='ltr'><em>abiit.</em></span> <span class='ocrx_word' id='word_1_93' title='bbox 285 1322 365 1382; x_wconf 87' lang='lat' dir='ltr'><em>Luce</em></span> <span class='ocrx_word' id='word_1_94' title='bbox 386 1323 473 1393; x_wconf 75' lang='lat' dir='ltr'><em>orta,</em></span> <span class='ocrx_word' id='word_1_95' title='bbox 494 1325 561 1382; x_wconf 79' lang='lat' dir='ltr'><em>cum</em></span> <span class='ocrx_word' id='word_1_96' title='bbox 574 1323 671 1403; x_wconf 83' lang='lat' dir='ltr'><em>piebis</em></span> <span class='ocrx_word' id='word_1_97' title='bbox 680 1318 844 1389; x_wconf 83' lang='lat' dir='ltr'><em>concilium</em></span> 
     </span>
     <span class='ocr_line' id='line_1_16' title="bbox 60 1398 844 1478; baseline -0.005 -20"><span class='ocrx_word' id='word_1_98' title='bbox 60 1411 137 1458; x_wconf 82' lang='lat' dir='ltr'><em>esset</em></span> <span class='ocrx_word' id='word_1_99' title='bbox 155 1443 163 1471; x_wconf 88' lang='lat'><em>,</em></span> <span class='ocrx_word' id='word_1_100' title='bbox 179 1403 275 1478; x_wconf 82' lang='lat' dir='ltr'><em>magis</em></span> <span class='ocrx_word' id='word_1_101' title='bbox 297 1404 384 1460; x_wconf 88' lang='lat' dir='ltr'><em>tacita</em></span> <span class='ocrx_word' id='word_1_102' title='bbox 398 1401 509 1464; x_wconf 84' lang='lat' dir='ltr'><em>invidia</em></span> <span class='ocrx_word' id='word_1_103' title='bbox 532 1402 684 1462; x_wconf 85' lang='lat' dir='ltr'><em>dictatoris</em></span> <span class='ocrx_word' id='word_1_104' title='bbox 705 1398 844 1475; x_wconf 79' lang='lat' dir='ltr'><em>favorque</em></span> 
     </span>
     <span class='ocr_line' id='line_1_17' title="bbox 59 1477 846 1558; baseline -0.008 -17"><span class='ocrx_word' id='word_1_105' title='bbox 59 1480 197 1558; x_wconf 79' lang='lat' dir='ltr'>magistri</span> <span class='ocrx_word' id='word_1_106' title='bbox 220 1481 352 1558; x_wconf 90' lang='lat' dir='ltr'><em>equitum</em></span> <span class='ocrx_word' id='word_1_107' title='bbox 371 1482 485 1540; x_wconf 85' lang='lat' dir='ltr'><em>animos</em></span> <span class='ocrx_word' id='word_1_108' title='bbox 505 1481 655 1554; x_wconf 83' lang='lat' dir='ltr'><em>versabat,</em></span> <span class='ocrx_word' id='word_1_109' title='bbox 669 1481 757 1558; x_wconf 76' lang='lat' dir='ltr'><em>quam</em></span> <span class='ocrx_word' id='word_1_110' title='bbox 773 1477 846 1536; x_wconf 83' lang='lat' dir='ltr'><em>satis</em></span> 
     </span>
     <span class='ocr_line' id='line_1_18' title="bbox 59 1556 847 1636; baseline -0.009 -15"><span class='ocrx_word' id='word_1_111' title='bbox 59 1560 208 1621; x_wconf 81' lang='lat' dir='ltr'><em>audebant</em></span> <span class='ocrx_word' id='word_1_112' title='bbox 228 1559 362 1620; x_wconf 87' lang='lat' dir='ltr'><em>homines</em></span> <span class='ocrx_word' id='word_1_113' title='bbox 383 1559 421 1619; x_wconf 88' lang='lat' dir='ltr'><em>ad</em></span> <span class='ocrx_word' id='word_1_114' title='bbox 443 1559 646 1632; x_wconf 86' lang='lat' dir='ltr'><em>suadendum,</em></span> <span class='ocrx_word' id='word_1_115' title='bbox 663 1557 742 1636; x_wconf 91' lang='lat' dir='ltr'><em>quod</em></span> <span class='ocrx_word' id='word_1_116' title='bbox 759 1556 847 1634; x_wconf 74' lang='lat' dir='ltr'><em>vulgi&gt;</em></span> 
     </span>
     <span class='ocr_line' id='line_1_19' title="bbox 58 1639 847 1722; baseline -0.01 -21"><span class='ocrx_word' id='word_1_117' title='bbox 58 1641 215 1722; x_wconf 77' lang='lat' dir='ltr'><strong>placebat,</strong></span> <span class='ocrx_word' id='word_1_118' title='bbox 228 1641 370 1722; x_wconf 88' lang='lat' dir='ltr'><em>prodire,</em></span> <span class='ocrx_word' id='word_1_119' title='bbox 390 1652 438 1712; x_wconf 91' lang='lat' dir='ltr'><em>et,</em></span> <span class='ocrx_word' id='word_1_120' title='bbox 458 1641 541 1718; x_wconf 88' lang='lat'>(18)</span> <span class='ocrx_word' id='word_1_121' title='bbox 558 1639 658 1700; x_wconf 80' lang='lat' dir='ltr'><em>favore</em></span> <span class='ocrx_word' id='word_1_122' title='bbox 671 1647 847 1717; x_wconf 74' lang='lat' dir='ltr'><em>superante,</em></span> 
     </span>
     <span class='ocr_line' id='line_1_20' title="bbox 59 1719 847 1802; baseline -0.011 -19"><span class='ocrx_word' id='word_1_123' title='bbox 59 1725 218 1784; x_wconf 87' lang='lat' dir='ltr'><em>auctoritas</em></span> <span class='ocrx_word' id='word_1_124' title='bbox 238 1732 335 1782; x_wconf 88' lang='lat' dir='ltr'><em>tamen</em></span> <span class='ocrx_word' id='word_1_125' title='bbox 356 1721 504 1802; x_wconf 85' lang='lat' dir='ltr'><em>rogationi</em></span> <span class='ocrx_word' id='word_1_126' title='bbox 518 1720 630 1780; x_wconf 74' lang='lat' dir='ltr'><em>deerat,</em></span> <span class='ocrx_word' id='word_1_127' title='bbox 649 1721 730 1793; x_wconf 80' lang='lat' dir='ltr'><em>Unus</em></span> <span class='ocrx_word' id='word_1_128' title='bbox 742 1719 847 1785; x_wconf 77' lang='lat' dir='ltr'><em>inven-</em></span> 
     </span>
     <span class='ocr_line' id='line_1_21' title="bbox 59 1797 844 1885; baseline -0.009 -21"><span class='ocrx_word' id='word_1_129' title='bbox 59 1814 105 1864; x_wconf 86' lang='lat' dir='ltr'><em>tus</em></span> <span class='ocrx_word' id='word_1_130' title='bbox 131 1817 175 1864; x_wconf 85' lang='lat' dir='ltr'><em>est</em></span> <span class='ocrx_word' id='word_1_131' title='bbox 200 1823 302 1865; x_wconf 82' lang='lat' dir='ltr'><em>suasor</em></span> <span class='ocrx_word' id='word_1_132' title='bbox 322 1803 397 1883; x_wconf 86' lang='lat' dir='ltr'><em>legis</em></span> <span class='ocrx_word' id='word_1_133' title='bbox 419 1803 453 1865; x_wconf 90' lang='lat' dir='ltr'><em>C.</em></span> <span class='ocrx_word' id='word_1_134' title='bbox 482 1800 773 1885; x_wconf 69' lang='lat' dir='ltr'><em>TerentiusVarro,</em></span> <span class='ocrx_word' id='word_1_135' title='bbox 792 1797 844 1878; x_wconf 90' lang='lat' dir='ltr'><em>qui</em></span> 
     </span>
     <span class='ocr_line' id='line_1_22' title="bbox 58 1880 733 1965; baseline 0.001 -23"><span class='ocrx_word' id='word_1_136' title='bbox 58 1887 159 1965; x_wconf 88' lang='lat' dir='ltr'><em>priore</em></span> <span class='ocrx_word' id='word_1_137' title='bbox 183 1905 259 1945; x_wconf 90' lang='lat' dir='ltr'><em>anno</em></span> <span class='ocrx_word' id='word_1_138' title='bbox 276 1897 388 1964; x_wconf 88' lang='lat' dir='ltr'><em>praetor</em></span> <span class='ocrx_word' id='word_1_139' title='bbox 403 1885 510 1946; x_wconf 86' lang='lat' dir='ltr'><em>fuerat.</em></span> <span class='ocrx_word' id='word_1_140' title='bbox 730 1880 733 1885; x_wconf 74' lang='grc'><strong>’</strong></span> 
     </span>
     <span class='ocr_line' id='line_1_23' title="bbox 99 1958 845 2041; baseline -0.009 -16"><span class='ocrx_word' id='word_1_141' title='bbox 99 1965 227 2025; x_wconf 83' lang='lat' dir='ltr'><em>xxvtt.</em></span> <span class='ocrx_word' id='word_1_142' title='bbox 258 1967 371 2027; x_wconf 83' lang='lat' dir='ltr'><em>Omnes</em></span> <span class='ocrx_word' id='word_1_143' title='bbox 402 1984 466 2024; x_wconf 84' lang='lat' dir='ltr'><em>eam</em></span> <span class='ocrx_word' id='word_1_144' title='bbox 493 1965 702 2041; x_wconf 81' lang='lat' dir='ltr'><em>rogationem,</em></span> <span class='ocrx_word' id='word_1_145' title='bbox 732 1958 845 2039; x_wconf 91' lang='lat' dir='ltr'><em>quique</em></span> 
     </span>
     <span class='ocr_line' id='line_1_24' title="bbox 59 2041 844 2122; baseline -0.003 -23"><span class='ocrx_word' id='word_1_146' title='bbox 59 2041 184 2113; x_wconf 77' lang='lat' dir='ltr'><em>Romae,</em></span> <span class='ocrx_word' id='word_1_147' title='bbox 208 2047 317 2122; x_wconf 87' lang='lat' dir='ltr'><em>quique</em></span> <span class='ocrx_word' id='word_1_148' title='bbox 336 2048 366 2102; x_wconf 94' lang='lat' dir='ltr'><em>in</em></span> <span class='ocrx_word' id='word_1_149' title='bbox 378 2044 512 2103; x_wconf 71' lang='lat' dir='ltr'><em>exercitu</em></span> <span class='ocrx_word' id='word_1_150' title='bbox 531 2057 615 2102; x_wconf 89' lang='lat' dir='ltr'><em>erant</em></span> <span class='ocrx_word' id='word_1_151' title='bbox 633 2042 731 2119; x_wconf 81' lang='lat' dir='ltr'><em>,aequi</em></span> <span class='ocrx_word' id='word_1_152' title='bbox 755 2048 844 2116; x_wconf 86' lang='lat' dir='ltr'><em>atque</em></span> 
     </span>
     <span class='ocr_line' id='line_1_25' title="bbox 59 2121 844 2202; baseline -0.004 -21"><span class='ocrx_word' id='word_1_153' title='bbox 59 2121 178 2200; x_wconf 81' lang='lat' dir='ltr'><em>iniqui,</em></span> <span class='ocrx_word' id='word_1_154' title='bbox 202 2135 312 2201; x_wconf 84' lang='lat' dir='ltr'><em>proeter</em></span> <span class='ocrx_word' id='word_1_155' title='bbox 342 2126 440 2202; x_wconf 89' lang='lat' dir='ltr'><em>ipsum</em></span> <span class='ocrx_word' id='word_1_156' title='bbox 470 2121 642 2181; x_wconf 87' lang='lat' dir='ltr'><em>dictatorem</em></span> <span class='ocrx_word' id='word_1_157' title='bbox 661 2165 670 2193; x_wconf 94' lang='lat'><em>,</em></span> <span class='ocrx_word' id='word_1_158' title='bbox 687 2123 718 2177; x_wconf 87' lang='lat' dir='ltr'><em>in</em></span> <span class='ocrx_word' id='word_1_159' title='bbox 738 2128 844 2178; x_wconf 85' lang='lat' dir='ltr'><em>contu·</em></span> 
     </span>
     <span class='ocr_line' id='line_1_26' title="bbox 60 2197 873 2282; baseline 0 -20"><span class='ocrx_word' id='word_1_160' title='bbox 60 2201 181 2262; x_wconf 87' lang='lat' dir='ltr'><em>meiiam</em></span> <span class='ocrx_word' id='word_1_161' title='bbox 213 2205 276 2281; x_wconf 79' lang='lat' dir='ltr'><em>ejus</em></span> <span class='ocrx_word' id='word_1_162' title='bbox 315 2203 403 2261; x_wconf 88' lang='lat' dir='ltr'><em>latam</em></span> <span class='ocrx_word' id='word_1_163' title='bbox 436 2213 623 2282; x_wconf 87' lang='lat' dir='ltr'><em>acceperunt.</em></span> <span class='ocrx_word' id='word_1_164' title='bbox 657 2198 723 2278; x_wconf 83' lang='lat' dir='ltr'><em>[pse</em></span> <span class='ocrx_word' id='word_1_165' title='bbox 752 2243 761 2271; x_wconf 93' lang='lat'><em>,</em></span> <span class='ocrx_word' id='word_1_166' title='bbox 787 2197 873 2277; x_wconf 42' lang='lat' dir='ltr'><em>qua,</em></span> 
     </span>
     <span class='ocr_line' id='line_1_27' title="bbox 58 2281 846 2360; baseline -0.004 -19"><span class='ocrx_word' id='word_1_167' title='bbox 58 2284 204 2360; x_wconf 84' lang='lat' dir='ltr'><em>grauitate</em></span> <span class='ocrx_word' id='word_1_168' title='bbox 214 2283 306 2342; x_wconf 90' lang='lat' dir='ltr'><em>animi</em></span> <span class='ocrx_word' id='word_1_169' title='bbox 320 2284 511 2342; x_wconf 78' lang='lat' dir='ltr'><em>criminantes</em></span> <span class='ocrx_word' id='word_1_170' title='bbox 528 2300 558 2340; x_wconf 89' lang='lat' dir='ltr'><em>se</em></span> <span class='ocrx_word' id='word_1_171' title='bbox 570 2281 608 2340; x_wconf 88' lang='lat' dir='ltr'><em>ad</em></span> <span class='ocrx_word' id='word_1_172' title='bbox 623 2282 846 2340; x_wconf 82' lang='lat' dir='ltr'><em>multitudinem</em></span> 
     </span>
     <span class='ocr_line' id='line_1_28' title="bbox 57 2358 845 2445; baseline -0.005 -22"><span class='ocrx_word' id='word_1_173' title='bbox 57 2365 199 2423; x_wconf 65' lang='lat' dir='ltr'><em>inimicos</em></span> <span class='ocrx_word' id='word_1_174' title='bbox 217 2364 324 2424; x_wconf 87' lang='lat' dir='ltr'><em>tulerat</em></span> <span class='ocrx_word' id='word_1_175' title='bbox 335 2363 458 2437; x_wconf 75' lang='lat' dir='ltr'><em>‚eidem</em></span> <span class='ocrx_word' id='word_1_176' title='bbox 470 2373 500 2420; x_wconf 89' lang='lat' dir='ltr'><em>et</em></span> <span class='ocrx_word' id='word_1_177' title='bbox 512 2363 617 2445; x_wconf 83' lang='lat' dir='ltr'><em>populi</em></span> <span class='ocrx_word' id='word_1_178' title='bbox 633 2365 663 2421; x_wconf 89' lang='lat' dir='ltr'><em>in</em></span> <span class='ocrx_word' id='word_1_179' title='bbox 676 2383 707 2423; x_wconf 78' lang='lat' dir='ltr'><em>se</em></span> <span class='ocrx_word' id='word_1_180' title='bbox 724 2358 845 2420; x_wconf 71' lang='lat' dir='ltr'><em>saevien-</em></span> 
     </span>
     <span class='ocr_line' id='line_1_29' title="bbox 60 2443 847 2524; baseline -0.001 -23"><span class='ocrx_word' id='word_1_181' title='bbox 60 2444 98 2503; x_wconf 86' lang='lat' dir='ltr'><em>tis</em></span> <span class='ocrx_word' id='word_1_182' title='bbox 125 2443 266 2521; x_wconf 83' lang='lat' dir='ltr'><em>injuriam</em></span> <span class='ocrx_word' id='word_1_183' title='bbox 280 2445 347 2504; x_wconf 88' lang='lat' dir='ltr'><em>tulit</em></span> <span class='ocrx_word' id='word_1_184' title='bbox 365 2465 372 2502; x_wconf 75' lang='grc' dir='ltr'>ι</span> <span class='ocrx_word' id='word_1_185' title='bbox 388 2463 457 2504; x_wconf 87' lang='lat' dir='ltr'><em>acce</em></span> <span class='ocrx_word' id='word_1_186' title='bbox 482 2444 577 2521; x_wconf 87' lang='lat' dir='ltr'><em>tisque</em></span> <span class='ocrx_word' id='word_1_187' title='bbox 597 2445 629 2502; x_wconf 88' lang='lat' dir='ltr'><em>in</em></span> <span class='ocrx_word' id='word_1_188' title='bbox 652 2445 719 2524; x_wconf 88' lang='lat' dir='ltr'><em>ipso</em></span> <span class='ocrx_word' id='word_1_189' title='bbox 734 2443 847 2501; x_wconf 88' lang='lat' dir='ltr'><em>itinere</em></span> 
     </span>
     <span class='ocr_line' id='line_1_30' title="bbox 59 2464 845 2604; baseline 0.001 -24"><span class='ocrx_word' id='word_1_190' title='bbox 59 2520 167 2599; x_wconf 75' lang='lat' dir='ltr'><em>iitteris</em></span> <span class='ocrx_word' id='word_1_191' title='bbox 180 2539 354 2604; x_wconf 82' lang='lat' dir='ltr'><em>senatusque</em></span> <span class='ocrx_word' id='word_1_192' title='bbox 366 2464 500 2585; x_wconf 64' lang='lat' dir='ltr'><em>considio</em></span> <span class='ocrx_word' id='word_1_193' title='bbox 515 2522 553 2582; x_wconf 90' lang='lat' dir='ltr'><em>de</em></span> <span class='ocrx_word' id='word_1_194' title='bbox 568 2537 682 2601; x_wconf 84' lang='lat' dir='ltr'><em>aequato</em></span> <span class='ocrx_word' id='word_1_195' title='bbox 693 2524 845 2601; x_wconf 81' lang='lat' dir='ltr'><em>imperio,</em></span> 
     </span>
     <span class='ocr_line' id='line_1_31' title="bbox 59 2601 845 2686; baseline -0.001 -22"><span class='ocrx_word' id='word_1_196' title='bbox 59 2605 131 2664; x_wconf 86' lang='lat' dir='ltr'><em>satis</em></span> <span class='ocrx_word' id='word_1_197' title='bbox 158 2601 250 2665; x_wconf 88' lang='lat' dir='ltr'><em>fidens</em></span> <span class='ocrx_word' id='word_1_198' title='bbox 281 2605 505 2686; x_wconf 83' lang='lat' dir='ltr'><em>haudquaquam</em></span> <span class='ocrx_word' id='word_1_199' title='bbox 536 2623 602 2662; x_wconf 82' lang='lat' dir='ltr'><em>cum</em></span> <span class='ocrx_word' id='word_1_200' title='bbox 633 2604 756 2684; x_wconf 84' lang='lat' dir='ltr'><em>imperii</em></span> <span class='ocrx_word' id='word_1_201' title='bbox 777 2604 845 2683; x_wconf 77' lang='lat' dir='ltr'><em>Jure</em></span> 
     </span>
    </p>
   </div>
   <div class='ocr_carea' id='block_1_3' title="bbox 58 2785 845 3334">
    <p class='ocr_par' dir='ltr' id='par_1_3' title="bbox 58 2785 845 3334">
     <span class='ocr_line' id='line_1_32' title="bbox 96 2785 844 2860; baseline 0 -21"><span class='ocrx_word' id='word_1_202' title='bbox 96 2808 124 2850; x_wconf 80' lang='lat'><em>¹7</em></span> <span class='ocrx_word' id='word_1_203' title='bbox 145 2791 434 2860; x_wconf 78' lang='lat' dir='ltr'><em>(Interrzporo)&#39;1&#39;em-</em></span> <span class='ocrx_word' id='word_1_204' title='bbox 467 2787 731 2852; x_wconf 83' lang='lat' dir='ltr'><em>auctoritastorueu)</em></span> <span class='ocrx_word' id='word_1_205' title='bbox 745 2785 844 2856; x_wconf 86' lang='lat' dir='ltr'><em>Quam·-</em></span> 
     </span>
     <span class='ocr_line' id='line_1_33' title="bbox 58 2855 845 2925; baseline 0.001 -20"><span class='ocrx_word' id='word_1_206' title='bbox 58 2859 174 2924; x_wconf 73' lang='lat' dir='ltr'><em>pestive,</em></span> <span class='ocrx_word' id='word_1_207' title='bbox 190 2859 234 2909; x_wconf 89' lang='lat' dir='ltr'><em>ubi</em></span> <span class='ocrx_word' id='word_1_208' title='bbox 252 2860 319 2910; x_wconf 88' lang='lat' dir='ltr'><em>ratio</em></span> <span class='ocrx_word' id='word_1_209' title='bbox 331 2873 434 2925; x_wconf 88' lang='lat' dir='ltr'><em>tempo·</em></span> <span class='ocrx_word' id='word_1_210' title='bbox 468 2857 508 2906; x_wconf 88' lang='lat' dir='ltr'><em>vis</em></span> <span class='ocrx_word' id='word_1_211' title='bbox 529 2855 602 2908; x_wconf 84' lang='lat' dir='ltr'><em>favor</em></span> <span class='ocrx_word' id='word_1_212' title='bbox 615 2870 696 2921; x_wconf 70' lang='lat' dir='ltr'><em>⁸esset</em></span> <span class='ocrx_word' id='word_1_213' title='bbox 717 2857 845 2909; x_wconf 85' lang='lat' dir='ltr'><em>immodi-</em></span> 
     </span>
     <span class='ocr_line' id='line_1_34' title="bbox 59 2923 843 2992; baseline -0.001 -18"><span class='ocrx_word' id='word_1_214' title='bbox 59 2942 116 2975; x_wconf 88' lang='lat' dir='ltr'><em>rum</em></span> <span class='ocrx_word' id='word_1_215' title='bbox 142 2926 169 2976; x_wconf 90' lang='lat' dir='ltr'><em>id</em></span> <span class='ocrx_word' id='word_1_216' title='bbox 193 2926 365 2992; x_wconf 77' lang='lat' dir='ltr'><em>postularet:</em></span> <span class='ocrx_word' id='word_1_217' title='bbox 389 2927 433 2976; x_wconf 88' lang='lat' dir='ltr'><em>ubi</em></span> <span class='ocrx_word' id='word_1_218' title='bbox 468 2923 843 2991; x_wconf 81' lang='lat' dir='ltr'><em>cus,quamvisfavereut&#39;rm-</em></span> 
     </span>
     <span class='ocr_line' id='line_1_35' title="bbox 60 2991 843 3060; baseline -0.003 -16"><span class='ocrx_word' id='word_1_219' title='bbox 60 3009 126 3060; x_wconf 87' lang='lat' dir='ltr'><em>opus</em></span> <span class='ocrx_word' id='word_1_220' title='bbox 137 3006 206 3044; x_wconf 82' lang='lat' dir='ltr'><em>esset</em></span> <span class='ocrx_word' id='word_1_221' title='bbox 223 2993 254 3045; x_wconf 80' lang='lat' dir='ltr'><em>ei)</em></span> <span class='ocrx_word' id='word_1_222' title='bbox 271 2994 375 3045; x_wconf 87' lang='lat' dir='ltr'><em>intendi</em></span> <span class='ocrx_word' id='word_1_223' title='bbox 387 3009 434 3046; x_wconf 91' lang='lat' dir='ltr'><em>cu·</em></span> <span class='ocrx_word' id='word_1_224' title='bbox 466 2992 548 3058; x_wconf 76' lang='lat' dir='ltr'><em>pense</em></span> <span class='ocrx_word' id='word_1_225' title='bbox 561 3005 587 3042; x_wconf 88' lang='lat' dir='ltr'><em>et</em></span> <span class='ocrx_word' id='word_1_226' title='bbox 601 2991 666 3041; x_wconf 82' lang='lat' dir='ltr'><em>ultra</em></span> <span class='ocrx_word' id='word_1_227' title='bbox 683 2993 843 3042; x_wconf 88' lang='lat' dir='ltr'><em>modumro-</em></span> 
     </span>
     <span class='ocr_line' id='line_1_36' title="bbox 60 3058 844 3126; baseline -0.004 -16"><span class='ocrx_word' id='word_1_228' title='bbox 60 3077 114 3112; x_wconf 83' lang='lat' dir='ltr'><em>ram</em></span> <span class='ocrx_word' id='word_1_229' title='bbox 129 3072 157 3110; x_wconf 92' lang='lat' dir='ltr'><em>ut</em></span> <span class='ocrx_word' id='word_1_230' title='bbox 175 3076 316 3113; x_wconf 85' lang='lat' dir='ltr'><em>servaretur</em></span> <span class='ocrx_word' id='word_1_231' title='bbox 334 3062 434 3112; x_wconf 86' lang='lat' dir='ltr'><em>exerci-</em></span> <span class='ocrx_word' id='word_1_232' title='bbox 467 3061 568 3126; x_wconf 79' lang='lat' dir='ltr'><em>gatioui</em></span> <span class='ocrx_word' id='word_1_233' title='bbox 589 3058 711 3108; x_wconf 83' lang='lat' dir='ltr'><em>homines</em></span> <span class='ocrx_word' id='word_1_234' title='bbox 728 3097 736 3122; x_wconf 86' lang='lat'><em>,</em></span> <span class='ocrx_word' id='word_1_235' title='bbox 757 3059 844 3107; x_wconf 82' lang='lat' dir='ltr'><em>deerat</em></span> 
     </span>
     <span class='ocr_line' id='line_1_37' title="bbox 60 3125 845 3197; baseline -0.004 -21"><span class='ocrx_word' id='word_1_236' title='bbox 60 3139 101 3177; x_wconf 82' lang='lat' dir='ltr'><em>tus</em></span> <span class='ocrx_word' id='word_1_237' title='bbox 115 3168 120 3191; x_wconf 84' lang='lat'>‚</span> <span class='ocrx_word' id='word_1_238' title='bbox 132 3142 188 3177; x_wconf 90' lang='lat' dir='ltr'><em>non</em></span> <span class='ocrx_word' id='word_1_239' title='bbox 199 3139 227 3177; x_wconf 88' lang='lat' dir='ltr'><em>ut</em></span> <span class='ocrx_word' id='word_1_240' title='bbox 236 3127 360 3194; x_wconf 86' lang='lat' dir='ltr'><em>periculis</em></span> <span class='ocrx_word' id='word_1_241' title='bbox 370 3145 434 3197; x_wconf 83' lang='lat' dir='ltr'><em>pug.</em></span> <span class='ocrx_word' id='word_1_242' title='bbox 468 3137 556 3174; x_wconf 85' lang='lat' dir='ltr'><em>tamen</em></span> <span class='ocrx_word' id='word_1_243' title='bbox 586 3125 631 3192; x_wconf 91' lang='lat' dir='ltr'><em>qui</em></span> <span class='ocrx_word' id='word_1_244' title='bbox 652 3140 685 3173; x_wconf 83' lang='lat' dir='ltr'><em>-ee</em></span> <span class='ocrx_word' id='word_1_245' title='bbox 707 3135 845 3186; x_wconf 76' lang='lat' dir='ltr'><em>auctorem</em></span> 
     </span>
     <span class='ocr_line' id='line_1_38' title="bbox 59 3193 845 3263; baseline 0.003 -19"><span class='ocrx_word' id='word_1_246' title='bbox 59 3210 152 3254; x_wconf 80' lang='lat' dir='ltr'><em>uarum</em></span> <span class='ocrx_word' id='word_1_247' title='bbox 164 3193 328 3259; x_wconf 79' lang='lat' dir='ltr'><em>objiceretur.</em></span> <span class='ocrx_word' id='word_1_248' title='bbox 467 3208 651 3259; x_wconf 82' lang='lat' dir='ltr'><em>suasoremque</em></span> <span class='ocrx_word' id='word_1_249' title='bbox 666 3193 691 3246; x_wconf 89' lang='lat' dir='ltr'><em>ei</em></span> <span class='ocrx_word' id='word_1_250' title='bbox 710 3194 845 3263; x_wconf 72' lang='lat' dir='ltr'><em>rogationi</em></span> 
     </span>
     <span class='ocr_line' id='line_1_39' title="bbox 63 3259 603 3334; baseline 0.002 -22"><span class='ocrx_word' id='word_1_251' title='bbox 63 3318 67 3327; x_wconf 34' lang='lat'><strong>¹</strong></span> <span class='ocrx_word' id='word_1_252' title='bbox 98 3262 126 3312; x_wconf 74' lang='lat'><em>18</em></span> <span class='ocrx_word' id='word_1_253' title='bbox 141 3261 263 3326; x_wconf 73' lang='lat' dir='ltr'><em>(Favere</em></span> <span class='ocrx_word' id='word_1_254' title='bbox 275 3277 433 3334; x_wconf 79' lang='lat' dir='ltr'><em>superante,</em></span> <span class='ocrx_word' id='word_1_255' title='bbox 466 3259 603 3324; x_wconf 75' lang='lat' dir='ltr'><em>proteret.</em></span> 
     </span>
    </p>
   </div>
   <div class='ocr_carea' id='block_1_4' title="bbox 0 0 1012 3780">
    <p class='ocr_par' dir='ltr' id='par_1_4' title="bbox 0 0 1012 3780">
     <span class='ocr_line' id='line_1_40' title="bbox 0 0 1012 3780; baseline 0 0"><span class='ocrx_word' id='word_1_256' title='bbox 0 0 1012 3780; x_wconf 95' lang='lat' dir='ltr'><em> </em></span> 
     </span>
    </p>
   </div>
  </div>
 </body>
</html>
