2016 3780
190 117 463 189 Nauarum
511 113 750 186 XXXVII.
798 123 865 207 239

83 235 114 289 st
127 244 200 285 nova
215 222 251 281 de
265 221 383 299 integro
398 239 497 299 pugna
513 230 615 279 exorta
631 229 675 278 est
692 245 713 293 3·
734 237 792 278 non
812 218 868 280 illa

28 301 30 306 ’
86 294 175 384 (11)'
200 301 334 361 ordinata
360 320 414 381 per
434 298 585 380 Principes
614 300 808 378 Hastatosque
832 318 867 360 ae

52 442 55 447 .
85 385 244 457 Triarios3
267 400 322 441 nec
336 392 368 440 ut
378 398 434 461 pro
449 381 544 460 signis
556 380 781 456 antesignanus,
800 390 869 457 post

86 467 171 542 signa
189 463 247 522 alia
260 471 403 543 pugnaret
417 461 516 534 acies,
531 479 585 520 nec
597 462 671 519 utin
686 479 740 518 sua
751 459 870 538 legione

86 544 195 615 miles,
221 555 271 603 aut
287 541 431 622 cohorte,
459 551 508 601 aut
529 539 681 618 manipulo
693 548 779 598 esset.
797 538 871 600 fors

87 623 267 701 conglobat,
289 634 319 680 et
333 624 449 681 animus
465 637 535 682 suus
550 621 657 699 cuique
671 621 738 680 ante
754 629 785 677 et
801 629 872 699 post

86 701 236 784 pugnandi
250 703 383 762 ordinem
396 700 501 783 daban.⁴
513 698 684 781 Tariusque
708 697 764 758 fuit
782 697 872 758 ardor

86 802 256 856 armorum,
288 782 363 842 oded
387 782 517 842 intentus
537 801 644 861 pugno
662 779 776 841 animus
797 823 806 853 ,
838 787 872 840 ut

85 882 152 922 eum
165 874 282 924 motum
301 873 405 936 terrae,
431 861 481 940 qui
502 862 661 922 multarum
677 858 796 919 urbium
812 858 872 919 Its·

50 997 58 1013 ,
83 941 130 1002 lia
146 962 266 1021 magnas
280 953 380 1024 partes
394 943 575 1024 prostravit,
603 942 767 1018 avertitque
783 957 872 999 cursu

75 1024 188 1102 ‘rapido
201 1043 322 1096 amnes,
343 1041 423 1082 mare
437 1021 612 1083 fluminibus
628 1022 743 1081 invexit
759 1065 768 1092 ‚
785 1038 872 1078 mou·

85 1112 129 1160 tes
147 1101 229 1181 lapsu
249 1104 364 1182 ingenti
386 1100 535 1183 proruit,
566 1122 656 1163 nemo
673 1098 873 1183 pugnantium

85 1183 220 1242 senserit.
488 1238 492 1249 ,

126 1260 231 1323 Xle
248 1260 323 1322 Tres
346 1260 439 1322 ferme
453 1256 544 1322 boras
569 1271 731 1344 pugnatum
747 1269 817 1332 est,
841 1267 875 1318 et

86 1341 197 1418 ubique
212 1343 361 1403 atrociter.
380 1340 470 1404 Circi
486 1341 640 1402 consulem
654 1353 753 1402 tamen
775 1337 874 1400 acrior

86 1419 279 1498 infestiorque
298 1440 396 1502 pugne
410 1431 465 1481 est.
480 1421 557 1482 Eum
573 1432 604 1480 et
620 1423 726 1482 robor-a
742 1421 875 1480 virorum

87 1500 315 1578 sequebantur,
354 1512 384 1559 et
407 1501 473 1580 ipse
496 1520 716 1581 ,quacunque
742 1501 774 1558 in
791 1507 874 1580 parte

82 1579 184 1658 premi
196 1599 230 1639 ec
247 1579 381 1640 laborare
398 1591 533 1640 senserat
548 1598 617 1640 suos
633 1624 641 1652 ,
659 1580 785 1661 impigre
798 1577 876 1637 iere·

79 1659 138 1734 ,ber
168 1678 256 1738 opem
286 1685 295 1733 3
331 1655 538 1739 insignemque
565 1662 654 1720 armis
679 1705 688 1734 ,
722 1671 751 1716 et
776 1657 876 1716 hostes

87 1739 204 1812 summi
226 1741 253 1798 vi
273 1740 435 1819 petebant,
464 1751 494 1799 et
515 1741 672 1808 tuebantur
693 1739 772 1798 cives
793 1759 800 1797 :
823 1735 877 1800 do·

85 1840 143 1880 nec
158 1823 225 1898 (12)
249 1821 370 1880 Insuber
385 1839 476 1900 eques
493 1820 652 1896 (Ducario
670 1838 778 1878 nomen
790 1810 873 1890 erat)

88 1899 164 1961 facie
176 1920 292 1980 quoque
307 1903 478 1974 noscitans,
501 1897 608 1961 Consul
621 1923 673 1971 en,
702 1900 815 1977 inquit,
832 1898 876 1957 tte
930 1945 933 1949 .

89 1995 154 2054 est,
187 1981 378 2061 popularibus
392 1983 477 2053 suis,
498 1987 546 2062 qui
562 1981 689 2063 legiones
708 1991 819 2039 nostras
831 1999 877 2039 cs·

89 2063 180 2129 cidit,
203 2083 342 2139 agrosque
363 2073 392 2120 et
410 2061 505 2119 urbem
525 2075 569 2120 est
592 2059 788 2138 depopulatus.
810 2057 877 2117 Jom
962 2126 965 2131 Ι

92 2157 144 2214 ego
172 2139 240 2196 bunc
258 2142 397 2198 uictimam
419 2137 558 2198 Mortibus
575 2151 780 2218 peremptorum
800 2133 878 2205 fodri

93 2219 190 2276 civium
207 2215 278 2276 dubo
290 2240 300 2274 .·
319 2216 504 2293 subditisque
519 2216 681 2276 calcaribus
700 2233 799 2295 equo,
826 2233 879 2292 per

93 2294 344 2356 confertissimam
357 2297 486 2356 hostium
502 2297 618 2357 turbam
633 2299 776 2376 impetum
790 2292 878 2354 facit:

93 2375 326 2454 obtruncatoque
349 2377 433 2456 priris
455 2377 624 2456 armigero,
647 2377 698 2457 qui
720 2395 751 2436 se
770 2373 880 2433 infesto

94 2457 223 2515 venienti
247 2455 366 2516 obvium
391 2457 568 2536 obiecerat,
597 2456 747 2519 consulem
774 2453 879 2521 lausei

88 2535 252 2597 transfixit.
273 2536 409 2619 Spoliare
431 2537 601 2620 cupientem
618 2536 729 2599 Triarii
750 2534 878 2615 objectis

95 2616 188 2676 scutis
206 2617 334 2677 arcuere.

132 2760 158 2795 rr
171 2741 322 2809 (Ordinato
331 2761 381 2810 per
389 2742 472 2796 Prin·
505 2743 632 2795 uoluisset
655 2783 663 2810 ‚
692 2740 753 2795 crim
774 2750 880 2794 constet

95 2811 124 2865 ci
142 2829 188 2876 er,
203 2809 409 2878 Hastatosqne,
437 2829 471 2862 ae
504 2812 628 2862 Hastatos
645 2810 675 2862 in
688 2809 773 2861 fronte
783 2808 879 2861 solitos

97 2830 226 2932 Tb'arms
238 2877 248 2941 )
268 2876 308 2927 Ite
324 2877 444 2928 ordinata
461 2916 469 2943 ,
504 2877 603 2940 iocari,
614 2877 709 2929 deinde
720 2874 877 2942 Principes,

96 2957 125 2995 ut
159 2942 269 2994 seorsim
301 2943 466 3009 Principes,
504 2942 778 3013 postrembTrisrios.

97 3012 206 3062 seorsim
216 3010 333 3071 Hastati,
346 3023 397 3062 etc.
407 3026 471 3077 pug-
541 3028 569 3062 ra
579 3010 706 3077 (Insuber
716 3008 815 3079 eques)
823 3004 880 3057 Ad.
951 3053 954 3059 ,

97 3090 198 3128 nerent.
212 3079 236 3130 N
240 3093 274 3127 on
285 3077 358 3128 enim
368 3076 470 3129 haecita
504 3093 594 3131 versus
608 3078 730 3129 insubres
743 3074 839 3126 Gallos
850 3073 880 3127 in

99 3143 332 3208 accipiendaflunt,
346 3144 472 3213 quasiLi-
504 3147 591 3212 priore
617 3144 756 3196 consulatu
781 3138 880 3193 Flami·

98 3211 157 3260 vius
169 3212 288 3261 ordinem
296 3211 389 3262 horum
403 3213 472 3262 inter
504 3215 564 3266 nius
576 3212 674 3269 bellurn
691 3220 813 3280 gesserat.

99 3293 126 3335 ΟΩ
141 3295 280 3350 corporum
289 3291 471 3356 reprmesstai'e
573 3325 574 3328 ,
