2016 3780
185 209 255 283 eol,
409 194 746 270 T1u1L1v11

184 321 240 362 nos
260 299 357 380 plebis
377 313 408 362 et
429 305 603 363 concionem
619 302 812 383 reliquisset,
836 309 892 374 et,
915 296 980 382 qui·

186 383 240 444 bus
256 384 301 462 jus
316 382 351 442 de
365 404 396 444 se
412 383 544 445 dicende
559 386 734 457 sententia,
756 394 786 443 et
803 382 978 442 libertatem

186 464 364 538 ademisset,
389 464 436 523 his
462 465 648 535 comitatus,
672 465 754 524 velut
783 475 898 546 captos
923 475 978 524 tra·

186 545 280 616 heus,
301 545 483 624 triumphum
502 545 540 604 de
557 543 668 626 populo
688 544 826 604 Romano
842 547 977 622 egisset,

185 624 443 704 secessionemque
454 644 492 684 eo
505 624 553 684 die
568 627 599 684 in
616 625 799 704 Capitolium
817 627 834 685 a
852 626 978 685 tribunis

184 704 282 787 plebis
302 705 446 766 iecisset:
470 705 591 766 Habetis
616 729 683 786 ergo
705 709 883 766 temeritatis
903 702 981 767 itttu'

184 790 351 847 mercedem.
380 789 443 866 Quo
467 791 537 848 duce
559 801 588 848 et
609 800 721 847 auctare
735 810 786 848 nos
801 787 972 869 reliquistis,

184 869 221 926 ab
235 891 267 927 eo
287 871 297 926 i
316 870 341 927 si
357 869 450 928 relicti
468 872 546 928 estis.
575 868 617 928 Et
635 866 746 928 tacitum
767 871 930 928 animorum
948 869 970 925 is

152 986 155 993 ·
185 890 333 1009 diesaodis
343 951 493 1020 decrescit,
509 961 558 1020 ut,
575 954 613 1008 ad
622 970 722 1028 quem,
736 945 805 1007 antri
816 971 909 1008 annos
920 968 975 1026 sep·

77 1024 80 1031 ¹
143 1098 146 1103 y
185 1032 353 1101 temdecim,
370 1033 528 1089 exercitam
542 1042 571 1088 et
585 1028 705 1088 classem
727 1027 908 1101 habeatem,
927 1030 976 1087 tri·

167 1110 273 1170 -bunos
292 1110 386 1193 plebis
407 1110 571 1190 aedilemque
587 1112 616 1197 ip
632 1107 759 1168 Siciliam
779 1113 904 1169 mittere
918 1107 976 1167 ausi

186 1214 304 1264 sumus,
325 1194 374 1271 qai
393 1190 597 1268 pretenderent
608 1211 693 1260 eum,
710 1201 739 1248 et
755 1189 884 1251 Romam
898 1193 975 1249 redu·

186 1285 280 1331 cereat
294 1292 304 1342 ;
323 1276 359 1329 ad
377 1291 439 1329 eum
456 1273 596 1349 priuatum
613 1291 654 1329 ex
666 1267 734 1327 uilla
748 1290 801 1328 sua
819 1270 975 1330 extrader-

185 1355 250 1412 dum
263 1353 300 1410 ad
313 1371 426 1409 causam
438 1354 603 1419 dicendam,
616 1352 730 1408 mittere
742 1372 797 1408 non
809 1357 971 1411 audeamus.

185 1430 314 1493 Tribuni
327 1430 423 1512 plebis
433 1432 564 1512 appelati
578 1428 656 1488 abt..
667 1429 810 1510 Scipione
824 1433 872 1491 ita
881 1433 973 1490 decre-

185 1523 300 1573 verunt.
316 1515 351 1571 di
365 1514 453 1571 morbi
465 1532 550 1571 causa
566 1521 772 1582 excusaretur,
796 1512 853 1571 sibi
866 1515 972 1593 placere

185 1597 274 1675 accipi
286 1615 347 1653 cam
359 1613 491 1662 causam,
505 1593 632 1672 diemque
646 1591 663 1649 d
679 1589 799 1669 collegis
815 1597 935 1672 prodici.

225 1696 309 1761 Vlll.
335 1692 603 1775 Tribunusplebis
624 1713 662 1754 eo
679 1704 816 1788 tempore
830 1694 885 1756 Ti.
897 1696 975 1755 Sem·

206 1777 306 1838 ronius
330 1774 485 1835 Gracchus
510 1783 599 1847 erat,
630 1775 677 1835 cui
709 1774 879 1837 inimicitia
905 1794 976 1835 cum

183 1798 215 1919 l.
236 1856 376 1935 Scipione
394 1854 627 1914 intercedebant.
660 1853 714 1928 Is,
740 1855 809 1917 cim
829 1856 975 1915 vetuisset

185 1956 294 2000 nomen
312 1954 397 1996 snum
413 1933 532 1995 decreto
545 1933 729 2012 collegarum
746 1935 894 2009 adscsibi,
912 1937 975 1996 tris·

185 2020 351 2096 tioremque
370 2035 472 2077 omnes
494 2019 668 2076 sententiam
686 2027 915 2096 exspectarent,
932 2016 973 2076 ita

185 2098 318 2160 decrevit
342 2122 348 2160 :
375 2097 443 2158 Ciam
466 2096 500 2158 L.
522 2096 614 2177 Scipio
629 2108 748 2156 excuset
767 2097 897 2158 morbum
916 2118 973 2159 esse

185 2203 298 2243 causam
308 2183 420 2254 fratri,
440 2181 512 2236 satis
524 2182 554 2238 id
567 2177 621 2236 sibi
636 2180 731 2237 videri.
757 2179 797 2238 Se
811 2180 848 2238 P.
867 2179 972 2260 Scipio-

185 2286 247 2325 nem
260 2306 269 2333 ,
284 2257 447 2341 priusqudm
465 2258 582 2317 Romam
600 2261 719 2318 redisset
738 2303 748 2332 ,
770 2266 905 2322 accusari
923 2282 971 2320 aon

182 2362 342 2425 passurum.
370 2341 439 2398 Tum
454 2359 582 2420 quoque,
602 2342 631 2398 si·
646 2361 677 2399 se
696 2340 849 2419 appellet,
863 2342 971 2402 auxilio

185 2427 211 2484 ei
221 2426 351 2495 futurum
369 2442 403 2478 ae
423 2439 534 2477 causam
555 2421 642 2479 dicat.
666 2419 710 2480 Ad
722 2423 753 2478 id
759 2423 916 2503 fastigium
929 2444 972 2480 re·

185 2509 235 2563 bus
255 2503 366 2580 gestis,
392 2499 539 2560 honoribus
558 2500 656 2582 populi
676 2503 797 2562 Romani
813 2503 850 2565 P.
871 2501 970 2585 Scipio·

184 2588 246 2643 acm
265 2586 378 2642 dearum
394 2580 589 2663 hominumque
605 2602 737 2641 consensu
746 2587 965 2663 peruenisse‚d

184 2663 235 2724 sub
253 2665 351 2723 rostris
369 2685 444 2723 reum
461 2675 538 2723 stare
551 2676 580 2722 et
588 2660 710 2744 prebere
722 2665 965 2727 auresadolescea·

184 2747 255 2804 tiam
275 2747 422 2817 conviciis,
444 2743 690 2824 populc·;Romaao
713 2748 809 2822 magis
826 2749 965 2817 delarue,

184 2820 266 2906 q'udm
286 2828 339 2903 ipsi
358 2828 404 2885 sit.
431 2829 488 2904 (ὁ)
512 2823 628 2904 Adjecit
649 2820 770 2884 decreto
790 2823 967 2907 indignatio·

184 2925 269 2964 nem:
286 2905 342 2964 sut>
352 2905 469 2985 pedibus
482 2912 581 2965 uestris
593 2905 702 2978 stabit,
718 2903 843 2980 tribuni,
856 2910 968 2969 domitor

173 2984 236 3048 'itte
260 2986 365 3055 Africa
388 2984 507 3064 Scipiol
541 2985 605 3046 Idea
633 3000 754 3067 quatuor
781 2984 969 3049 nobilissimos

76 3092 82 3103 ¹
174 3072 268 3128 ¹duces
286 3065 482 3125 Pacorum'in
502 3063 663 3144 Hispania,
688 3077 809 3148 quatuor
828 3070 972 3129 exereitus

218 3230 233 3282 5
251 3226 383 3297 (Acljecr't
395 3227 506 3280 decreto
519 3226 560 3279 in·
593 3242 641 3296 est,
652 3230 750 3296 adiecit
759 3232 914 3288 orationem
925 3234 974 3305 ple·

175 3296 394 3366 aztgnau'onem)
427 3297 538 3346 Decreta
550 3332 556 3357 ,
592 3313 655 3350 nam
667 3298 873 3370 indignationis.

184 3364 255 3434 quod
279 3361 358 3417 modii
383 3373 558 3422 memoratum
