2016 3780
211 205 489 276 Nannurro
536 200 740 275 XXXV.
810 229 874 277 aar

95 312 257 396 Saguntum
282 331 289 371 :
316 331 453 392 nusquam
476 323 505 370 te
523 314 643 389 vestigia
667 310 792 371 moueris.
821 313 876 370 Pa·

93 397 151 453 rbm
172 405 238 463 est,
258 391 330 471 quid
352 393 515 450 ueterrimas
549 393 684 449 ravincias
704 409 781 449 meas
804 389 875 462 Sici,-

92 473 160 531 liam
173 483 202 531 at
216 470 375 532 Sardiniam
391 473 502 530 adimis.
520 413 618 530 itiam
637 469 811 549 Hispanias?
834 470 875 536 Et

93 554 177 628 (9)
200 554 264 610 inde
291 569 430 623 cessero,
466 553 496 609 in
525 550 652 622 Africam
682 553 875 609 transcendas.
905 548 908 561 '

95 627 286 698 Transcendes
304 643 399 699 autam
420 630 511 691 dico?
546 629 627 691 Duos
648 623 774 688 consules
791 630 875 708 bajus

90 714 176 781 anni,
199 732 281 770 unum
304 713 333 769 in
352 711 500 782 Africam,
520 708 642 769 alterum
660 713 689 768 in
706 709 875 788 Hispaniam

88 793 233 853 miserunt.
253 789 334 850 Nibil
351 812 467 872 usquam
484 789 563 850 nobis
579 789 707 849 relictum
723 800 791 862 ast,
816 789 874 848 nisi

87 875 161 951 quod
172 873 259 929 armis
271 871 476 931 uindicarimus.

86 1016 92 1022 ,
127 949 196 1012 XV.
214 948 278 1010 iilis
299 953 407 1009 timidis
427 962 456 1009 et
474 951 585 1028 ignauis
606 945 673 1010 iicet
692 965 774 1021 esse,
801 946 872 1025 (ιο)

88 1034 136 1108 qui
147 1040 299 1108 respectum
316 1031 435 1102 babent,
453 1051 522 1109 quos
532 1050 598 1088 suus
609 1051 700 1107 ager,
717 1051 768 1088 sua
778 1041 871 1100 terra,

44 1151 46 1155 ,
84 1120 215 1187 pertrita
239 1131 273 1168 aa
292 1121 396 1189 pacata
421 1112 522 1168 itinera
536 1113 685 1189 fugientes
706 1111 870 1188 accipient:

87 1186 163 1254 uobis
182 1209 291 1248 necesse
301 1188 472 1260 estfortibu's
483 1193 549 1248 uiris
564 1211 644 1261 esar,
672 1200 701 1247 st
712 1192 725 1265 (
738 1206 769 1247 ιι
781 1190 795 1262 )
807 1209 871 1269 orn·
953 1194 957 1201 '

88 1265 168 1327 nibus
180 1262 254 1326 inter
264 1271 409 1345 uictoriam
425 1281 575 1329 mortemve
587 1269 664 1328 aertd
676 1271 870 1348 desperatione

87 1343 237 1426 abruptis,
257 1360 308 1407 aut
319 1349 446 1419 uincere,
461 1360 530 1419 aut,
545 1353 568 1407 si
575 1352 693 1420 fortuna
708 1347 869 1419 dubitabit,

87 1426 116 1482 in
129 1422 227 1504 praiio
237 1429 345 1504 patius,
369 1425 452 1506 qudm
470 1429 581 1508 infuga
596 1440 713 1487 mortem
726 1441 867 1507 oppetere.

88 1502 120 1562 Si
142 1504 191 1562 boc
212 1503 279 1564 bene¹
289 1508 389 1579 fixum
411 1503 560 1578 omnibus,
596 1511 820 1586 destinatumque
837 1508 867 1564 in

85 1586 178 1644 anima
198 1597 242 1643 est
266 1628 275 1656 ‚
311 1586 410 1644 iterum
437 1586 559 1654 dicum,
586 1587 690 1643 vicistis
719 1609 729 1642 r
757 1585 868 1643 nulium

75 1677 253 1723 <momentum
269 1667 307 1723 ad
320 1664 488 1725 uincendum
509 1661 614 1727 bomini
630 1663 666 1724 ab
686 1667 741 1724 diis
756 1666 869 1723 immor-

83 1741 395 1807 talibusacribsdatum
411 1753 466 1806 est.
568 1746 570 1753 ⁸

89 1821 206 1900 „xvi
228 1822 287 1884 uis'
303 1820 563 1885 adhortationibus
578 1822 646 1884 curn
669 1821 806 1903 utrinque
828 1821 868 1884 ed

81 1911 232 1963 certamen
243 1902 360 1965 accensi
372 1901 503 1968 militum
520 1905 745 1977 animi'essent,
771 1914 867 1984 ponto

81 1979 224 2043 Ticinum
238 1983 365 2062 jungit,¹
380 2003 440 2064 quo
459 1984 592 2064 perfecto
608 1983 759 2045 traductus
778 2002 868 2044 exer-

82 2059 159 2119 eitus
178 2061 210 2120 in
225 2081 329 2140 agrum
343 2062 535 2135 Insubrium,
567 2065 676 2143 uinque
691 2062 786 2123 millia
798 2081 867 2142 pas·

81 2156 168 2198 suum
179 2141 196 2202 b
209 2143 390 2204 Victumviis
403 2084 606 2221 conseditqibi
625 2144 755 2214 Annibal
770 2153 867 2202 eastra

80 2217 228 2295 habebat3
258 2219 328 2281 cuim
339 2221 448 2282 instare
463 2233 612 2284 certamen
623 2234 758 2283 cerneret
768 2267 777 2294 ‚
789 2219 866 2296 nihil

79 2317 207 2377 unquam
219 2301 290 2362 eatis
309 2301 420 2384 dictum
433 2304 697 2383 pramonitumque
708 2301 743 2362 ad
756 2300 868 2362 cohor-

78 2379 181 2441 tandos
206 2382 320 2456 milites
345 2393 457 2456 ratus,
489 2383 602 2444 vocatis
628 2381 663 2444 ad
686 2384 865 2456 concionem

79 2471 159 2519 certa
180 2465 311 2540 praemia
329 2465 540 2547 pronunciat,
576 2465 755 2543 inquorum
777 2481 864 2542 spem
905 2486 907 2491 ’

32 2589 34 2594 .
76 2539 252 2678 qugnarent.
271 2544 375 2622 anue
390 2555 422 2603 ut
441 2555 503 2637 1³3²
520 2543 725 2618 adtentiore,
752 2562 864 2622 agnum

90 2619 143 2679 evi
158 2640 267 2696 mauu,
290 2621 408 2683 dexteri
430 2623 546 2685 silicem
559 2625 713 2697 retinens,
731 2627 757 2684 si
773 2622 863 2683 falle·-

75 2710 143 2771 ret,
164 2700 274 2765 dorem
290 2715 464 2782 ceterosque
486 2707 622 2784 precatur
640 2705 734 2779 daos,
766 2706 810 2764 ita
826 2721 861 2764 eo
925 2726 929 2735 ¹

74 2791 237 2842 mactarent
261 2827 271 2857 ‚
296 2783 539 2865 quemadmodum
562 2786 629 2867 ipse
651 2802 759 2865 agnum
781 2802 862 2844 mue·

107 2907 449 2978 9(1ndeaessaro)8iinde
482 2911 627 2966 uictoriam
659 2949 665 2976 ,
708 2926 859 2964 mortemve

76 2992 187 3030 cessero.
199 2976 379 3044 supprimitur
388 2995 449 3044 par·
481 2978 859 3048 aertddesperutioneabrup-

75 3043 158 3095 ticula
167 3043 198 3106 si,
206 3046 237 3094 ad
247 3045 374 3112 majorem
382 3047 446 3098 vim.
480 3045 536 3111 tis)
552 3045 620 3098 Cium
631 3047 700 3098 inter
714 3046 858 3097 victoriam

111 3127 142 3160 10
153 3111 162 3174 (
172 3106 447 3179 Quiraspsaturnba-
480 3125 644 3174 mortemve,
663 3111 733 3164 nihii
754 3113 789 3161 sit
805 3127 857 3161 von

75 3175 447 3246 bent)Quihabentqubres-
480 3179 678 3238 hismeniam,
705 3171 857 3229 sedomriiu
882 3224 884 3229 .

75 3242 196 3306 piciens,
214 3241 274 3295 edm
283 3243 361 3297 illisi
375 3258 446 3315 tergo
479 3245 551 3296 certi
562 3246 761 3311 desperatione,
781 3244 857 3296 velus

76 3309 112 3359 sit
124 3309 208 3360 Roma
221 3311 347 3364 astralia.
479 3311 609 3378 profundi
636 3311 749 3381 quidam
779 3328 858 3366 vora·

111 3389 148 3426 11-
172 3376 183 3444 (
216 3375 348 3442 Omnibus
373 3377 447 3436 inter
469 3379 539 3448 ¹gius
551 3419 559 3449 ,
577 3380 696 3444 abrupta.

628 3445 694 3522 Kb

823 3388 956 3558 r
