2016 3780
144 132 148 141 ·
198 178 477 251 Ninnium
515 170 690 244 XL'lX.
772 184 834 268 tte)

56 284 209 350 Recreatus
228 284 326 346 deinde
338 283 452 362 legatus
466 303 506 341 ex
518 279 695 351 uulneribus,
712 278 836 338 tribunos

56 368 180 429 militum
192 369 231 425 in
255 363 362 424 uincula
390 366 546 442 conjectos,
572 364 636 421 dein
651 358 808 418 uerberatos
825 401 836 431 ,

56 444 258 525 servilibusque
275 442 400 502 omnibus
421 441 566 521 suppliciis
583 444 744 500 cruciatos:
766 440 851 517 (ια)ί

59 529 224 586 trucidando
244 526 344 584 occidit
354 544 366 595 ,·
383 535 506 581 mortuos
520 520 618 581 deindd
633 518 774 601 prohibuit
792 540 842 585 se·¹

53 603 150 688 peliri.
172 604 235 664 Has
250 608 301 681 deu
312 623 409 683 panas
425 601 442 659 d
461 604 560 680 tempii
579 605 621 660 sui
640 596 840 681 spoliatoribus

58 688 164 762 babet:
180 706 229 744 nec
245 682 311 742 cinti
329 687 439 742 desinet
454 681 579 740 amnibus
597 703 644 740 eos
663 685 778 763 agitare
786 682 839 748 fu·

58 769 125 835 riis,
146 765 228 845 quim
252 766 374 842 reposita
399 783 480 820 sacra
505 765 623 841 pecunia
646 765 673 819 in
701 761 840 820 thesauris

51 849 154 916 fuerit.
182 844 308 922 Maiores
329 848 467 925 quondam
493 844 603 911 nostri,
632 845 714 922 graui
739 839 842 898 Crata-

58 929 195 984 niensium
217 921 310 995 bello,
351 926 398 982 uia
418 923 504 981 extri
518 921 613 992 urbem
628 919 762 1002 tempium
778 932 844 992 est,

61 1008 214 1075 transferre
239 1006 267 1059 in
293 946 389 1071 urbem
419 1023 481 1061 eam
511 1005 657 1080 pecuniam
685 1000 856 1077 uoluerunt,

56 1078 159 1142 ‘'Nactu
178 1083 275 1143 audita
295 1102 336 1140 ex
351 1080 470 1141 'delubro
491 1104 548 1141 uox
572 1092 637 1153 est,
663 1079 844 1161 abstinerent

58 1156 163 1222 manus
184 1182 191 1219 :
215 1159 305 1219 deam·
320 1180 370 1220 sua
396 1161 510 1238 templa
539 1161 735 1220 defensuram.
768 1160 844 1243 Quin

57 1244 185 1301 mouendi
195 1238 258 1300 inat
271 1241 416 1301 tbesauros
429 1245 539 1300 incussa
551 1255 613 1301 erat
629 1234 729 1320 religio
738 1248 843 1312 ,muro

60 1320 231 1381 circumdare
253 1320 389 1399 tempium
415 1321 568 1380 uoluerunt.
597 1321 641 1380 rid
665 1322 844 1402 aliquantum

54 1403 118 1482 jam
131 1401 290 1460 altitudinis
305 1403 435 1458 excitata
450 1413 531 1461 erant
544 1404 664 1475 menia,
681 1405 739 1462 cim
752 1398 844 1461 satiet

12 1535 14 1542 .
58 1479 187 1559 'collapsa
211 1478 290 1538 ruind
309 1491 384 1559 sunt3
707 1472 711 1487 '

100 1569 187 1632 Xili.
215 1569 320 1630 Sedet
343 1591 434 1641 nunc,
458 1583 487 1630 et
510 1568 582 1650 sepi
598 1570 671 1632 aiids
692 1575 747 1631 dea
763 1591 845 1630 suam

60 1655 172 1725 sedem,
188 1672 325 1730 suumque
341 1649 475 1726 tempium
491 1663 542 1710 aut
560 1664 655 1712 tutata
678 1665 741 1723 est,
761 1649 846 1710 autd

54 1728 241 1801 {uiolatoribus
264 1733 365 1812 grauia
388 1729 502 1811 piacula
525 1736 634 1811 exegit.
662 1732 782 1792 Nostros
801 1734 846 1791 in·

53 1812 169 1899 purius,
204 1832 253 1870 nec
274 1822 388 1890 potest,
423 1832 474 1880 nec
499 1815 592 1890 possit
616 1812 691 1871 alius
720 1812 846 1885 ulcisci,

59 1891 142 1971 quim
158 1913 225 1963 uos,
249 1890 350 1951 Patres
363 1887 530 1970 Conscripti.
554 1893 600 1952 Ad
610 1915 657 1952 uos
668 1904 846 1972 vestramque

54 1969 145 2045 fidem
177 1970 315 2050 supplices
343 1974 528 2048 confugimus.
565 1971 646 2030 Nibii
673 1972 768 2030 nostrd
800 1966 848 2030 in-

61 2058 177 2120 terest,
204 2051 293 2108 utrbm
313 2053 364 2107 sub
387 2049 439 2107 illo
463 2047 579 2127 legato,
606 2049 657 2108 sub
679 2049 730 2108 ilio
753 2053 848 2130 prusi-

61 2130 109 2188 dio
139 2148 216 2185 ocros
250 2148 309 2187 esse
334 2129 458 2201 sinatis,
492 2150 529 2187 an
561 2131 635 2188 irato
660 2127 792 2187 Annibali
817 2142 848 2190 et

62 2207 156 2267 Panis
176 2209 213 2266 ad
227 2205 392 2288 supplicium
413 2210 534 2268 dedatis.
559 2208 620 2267 Non
643 2207 819 2288 postulamus
831 2248 847 2281 -,

56 2284 97 2348 “ut
115 2287 261 2369 extempib
281 2285 379 2358 nabis,
407 2300 439 2347 ut
464 2292 500 2346 de
524 2287 660 2361 absente,
685 2301 720 2348 ut
739 2290 847 2349 indictd

63 2367 147 2428 causei
165 2369 295 2426 credatis.
330 2365 449 2438 Veniat,
468 2367 560 2428 carim
577 2373 636 2448 ipse
651 2372 771 2441 audiat,
787 2372 847 2449 ipse

58 2447 167 2532 diluat.
198 2445 229 2505 Si
248 2449 395 2528 quicquam
412 2447 545 2520 sceleris,
565 2452 638 2530 q'uad
658 2450 737 2510 bama
753 2453 781 2509 in
796 2438 847 2509 bo'-

59 2528 154 2612 ,mines
173 2530 253 2585 edere
273 2537 389 2604 potest,
404 2531 433 2586 in
450 2550 500 2591 nos
511 2531 711 2607 pretermisit,
736 2552 789 2589 non
806 2552 848 2590 re-

65 2627 212 2675 cusamus,
240 2609 306 2684 quin
330 2618 359 2664 et
379 2628 429 2665 nos
448 2611 540 2667 omniu
560 2613 657 2669 eadem
679 2612 798 2680 iterim,
821 2613 846 2669 si

62 2687 126 2767 pati
144 2706 315 2764 possumus,
335 2690 502 2764 patiamur,
532 2701 560 2749 et
583 2689 635 2748 ilie
660 2694 734 2751 amni
755 2693 847 2752 diuina

63 2765 237 2845 humanoque
257 2764 392 2824 liberetur
412 2765 525 2828 scelere.

103 2855 188 2920 XIV.
210 2856 280 2916 Haec
289 2854 359 2917 'cbm
373 2857 410 2918 ab
424 2857 529 2938 legatis
544 2858 623 2921 diets
635 2872 756 2934 essent,
768 2881 847 2941 quae-
858 2853 976 2960 unffi:

91 3011 132 3072 '.¹²
147 2986 342 3059 (Trucidando
362 2998 439 3053 occi·
472 3002 564 3056 Livius
595 3003 733 3058 Ciceronis
760 2985 974 3080 truci-§tima

66 3061 128 3128 citt)
148 3061 299 3129 Significat,
313 3083 370 3116 nen
384 3080 439 3118 tor·
471 3071 536 3123 daec
549 3070 667 3120 membra
682 3070 788 3120 dixerat.
811 3071 846 3120 Et
859 3060 919 3140 ηξῃξ,

30 3144 33 3149 ·
67 3142 109 3180 tos
125 3125 373 3189 soltm‚eedomni
390 3150 438 3184 sae-
471 3139 532 3188 Vel.
546 3139 617 3186 Max.
630 3137 646 3187 1.
658 3136 712 3201 IX,
732 3152 756 3187 c.
770 3154 793 3185 2.
812 3136 843 3187 L.

66 3196 137 3247 vitisu
153 3211 245 3264 genera
259 3201 387 3251 truncatis
398 3217 439 3249 ar·
473 3202 599 3254 Caesaris
611 3221 707 3269 corpus
723 3201 845 3271 ignobili

68 3262 143 3313 tubus
164 3263 307 3330 discerptos
331 3267 438 3318 tandem
472 3266 584 3323 sceritia‘
595 3255 767 3321 trucidando.

66 3341 178 3383 mortem
214 3333 356 3390 invenisse.
391 3333 438 3386 Sic

638 3401 686 3463 ³0
708 3374 735 3464 s
833 3389 839 3397 “
