2016 3780
181 144 246 212 106
404 121 536 203 'Tm
581 130 743 202 Lrvrr

219 238 289 305 Xll.
301 236 362 317 Qui
379 236 430 298 nbi
449 235 490 298 ad
511 236 664 298 consulem
678 248 881 316 pervenerunt
894 283 904 312 ,
919 242 976 302 lit.

179 332 307 399 teraquae
328 321 412 378 lectae
443 336 497 398 per
531 319 726 395 interpretem
751 329 845 391 tunt,
870 330 903 378 et
933 343 976 382 ex

179 401 307 483 captivis
323 399 529 480 percunctatio
545 395 642 469 lacta,
669 409 733 456 tum
753 398 901 459 Claudius
914 421 977 462 non

178 481 215 542 id
237 492 353 557 tempus
371 477 616 555 essereipnblicae
636 488 714 536 ratur
729 521 738 550 ,
753 496 813 556 quo
833 481 978 542 consiliis

182 559 340 621 ordinariis
367 558 530 637 provinciae
559 575 616 615 suae
642 559 767 636 quiaque
787 556 900 620 finibus
921 583 978 642 per

182 639 329 700 exercitus
351 656 420 696 suos
439 657 508 698 cunr
528 636 612 696 hoste
634 637 782 697 destinato
807 639 843 698 alr
870 655 977 704 senatu

181 718 293 783 bellum
321 727 459 796 gereret,
478 715 641 779 audendum
660 737 693 777 ac
721 717 894 778 novandum
918 724 978 783 ali-

182 798 256 880 quid
278 799 473 879 improvisum
502 798 772 879 inopinatumque,
790 800 871 877 quod
890 819 977 885 coep.

97 876 101 883 ’
184 892 247 940 tum
271 898 329 939 non
348 879 494 937 minorem
513 877 588 958 apud
605 879 704 950 cives,
727 877 816 956 qu'am
844 880 981 959 hostes,

183 971 326 1020 terrorem
337 957 449 1018 faceret
464 1002 476 1031 ,
489 967 687 1037 perpetratum
713 958 743 1016 in
763 977 905 1035 magnam
924 964 979 1025 loe·

183 1041 283 1100 titiam
298 1060 336 1098 cx
350 1056 459 1115 magno
476 1049 555 1095 metu
571 1047 719 1108 verteret,
740 1037 977 1105 litteris-Andro·

65 1186 69 1191 ,
175 1120 262 1187 ,batis
284 1116 461 1180 Romamad
472 1118 609 1177 Senatum
622 1116 738 1188 missis,
750 1119 841 1177 simul
858 1129 975 1205 etipse

122 1188 128 1199 ¹
183 1202 286 1263 Patres
308 1197 500 1276 Conscriptos
524 1196 594 1274 quid
619 1208 735 1278 pararet
759 1197 892 1274 edocet,
914 1216 974 1277 ut,

184 1284 252 1339 crim
278 1279 310 1338 in
333 1278 454 1340 Umbria
467 1296 499 1336 se
517 1297 709 1338 occursurum
723 1277 872 1345 Asdrubal
889 1282 974 1344 tratri

183 1360 317 1431 scribat,
336 1357 486 1435 legionem
502 1357 519 1416 l
539 1359 641 1439 Capul
661 1358 787 1418 Romam
803 1377 977 1438 arcessant,

183 1439 331 1501 delectum
349 1438 454 1498 llomae
468 1436 613 1499 habeant:
636 1439 801 1497 exercitum
825 1443 974 1504 urbanum

183 1520 220 1582 ad
231 1521 371 1582 Narniam
383 1517 628 1599 lrostiopponant.
638 1518 706 1578 Haec
718 1521 833 1579 senatui
847 1526 972 1606 scripta.

222 1600 310 1664 Xlll.
340 1598 488 1658 Proemissi
511 1611 608 1658 autem
636 1618 692 1679 per
720 1602 892 1676 regiones,
914 1605 973 1684 qul

182 1681 348 1740 exercitum
364 1677 505 1738 ducturus
522 1691 583 1738 erat
596 1725 603 1750 ,
614 1690 758 1738 utomnes
775 1701 812 1739 ex
823 1683 906 1760 agris
923 1705 972 1744 ur·

180 1760 324 1839 bibusque
344 1770 524 1818 commeatus
545 1771 663 1839 paratos
676 1760 767 1818 militi
789 1761 825 1820 ad
844 1784 972 1824 vescen-

82 1878 85 1883 -
169 1839 252 1912 ‚dum
265 1841 292 1897 in
306 1837 381 1897 via'm
395 1837 558 1912 deferrent,
580 1858 672 1917 equos
694 1841 888 1922 jumentaque
913 1845 971 1905 alia

172 1970 175 1977 .
201 1917 399 1989 roducerent,
417 1929 447 1976 ut
458 1917 660 1978 vehiculorum
675 1917 759 1981 fessis
772 1925 864 2004 copia
881 1937 965 1987 esset.

169 1938 246 2080 ,l'pse
262 1998 381 2058 de'toto
393 1997 545 2071 exercitu,
564 1998 642 2079 quod
653 2000 767 2060 roboris
780 2016 845 2062 erat
859 2050 869 2078 ,
885 2004 969 2080 dele-

177 2081 245 2156 git,
264 2098 316 2140 sex
331 2077 426 2139 millia
448 2078 604 2159 peditum,
627 2079 709 2138 mille
734 2085 873 2161 equites:
896 2106 967 2166 pro·

176 2162 319 2233 nunciat,
340 2179 488 2238 occupare
505 2177 536 2218 se
551 2161 583 2219 in
598 2160 723 2220 Lucanis
738 2165 906 2242 proximam
924 2188 971 2227 ur-

176 2238 245 2302 bem
263 2239 463 2321 Punicumque
484 2238 515 2298 in
528 2240 563 2300 el
587 2240 757 2319 praesidium
776 2243 853 2302 velle
870 2248 969 2319 ,utad

38 2374 41 2381 .
176 2320 235 2381 iter
246 2321 340 2400 parati
353 2339 455 2379 omnes
469 2330 575 2380 essent.
591 2319 742 2379 Profectus
754 2335 860 2396 nocte,
880 2325 967 2387 flexit

93 2443 98 2453 ,
175 2400 208 2459 in
220 2402 379 2472 Picenum,
396 2397 503 2458 relicto
526 2400 564 2478 Q.
580 2400 665 2462 Catio
682 2400 781 2479 legato
795 2404 851 2482 qui
862 2411 971 2470 castris

197 2489 331 2540 recesset.
779 2532 780 2536 ,

174 2501 194 2563 p
215 2559 298 2624 XlV.
325 2558 425 2620 Romae
448 2555 524 2619 haud
540 2557 639 2618 minus
657 2561 777 2622 terroris
800 2583 834 2622 ac
851 2567 965 2630 tumul·

172 2640 291 2704 suaerat
306 2684 315 2712 ,
331 2638 428 2719 ‚qnlm
444 2638 539 2698 fuerat
561 2639 684 2700 hiennio
704 2645 771 2702 ante
788 2645 883 2717 ,crim
899 2669 964 2710 cas.

169 2731 215 2781 tra
232 2721 342 2780 Punica
354 2719 470 2798 objecta
493 2719 636 2779 Romanis
650 2723 795 2783 moenibus
806 2729 964 2811 portisque

167 2799 293 2862 fuerant.
307 2800 411 2877 Neque
430 2797 502 2858 satis
520 2801 669 2860 constabat
687 2804 812 2876 animis,
831 2816 891 2866 tam
913 2832 964 2871 au.

166 2880 222 2945 rlax
233 2879 290 2941 iter
309 2878 443 2941 consulis
456 2878 608 2939 laudarent
621 2883 871 2960 vituperarentne.
891 2891 918 2948 Α
950 2925 963 2938 .

161 2962 287 3044 parebat
301 2964 316 3038 (
328 2978 386 3039 quo
402 2957 481 3018 nihil
498 2960 631 3039 iniquius
647 2964 714 3036 est)
738 2981 776 3021 ex
790 2979 903 3028 eventu
919 2911 969 3030 l·

164 3062 243 3109 uram
263 3038 447 3104 habiturum.
563 3102 566 3108 ,

59 3183 64 3194 ,
80 3122 149 3195 Nero
202 3125 271 3188 XV.
282 3122 365 3183 Nsro
380 3127 540 3200 postquam
554 3117 613 3196 jam
629 3117 741 3179 lantum
758 3122 910 3186 intervalli
925 3130 967 3193 al)

33 3185 119 3234 '’¹¹¹“‘⁸
161 3203 246 3267 hoste
261 3201 398 3275 fecerat,
416 3209 450 3259 ut
471 3198 571 3276 detegi
599 3198 760 3261 consilium
775 3204 845 3265 satis
861 3217 960 3269 tutum

32 3245 147 3298 uertatur.
158 3296 261 3362 emp,
277 3282 382 3366 pauci,
407 3272 526 3373 militm
547 3276 720 3362 alloquitur.
746 3284 842 3364 Negat
866 3288 961 3351 ullius

43 3378 108 3544 q.
