2016 3780
231 155 518 226 Ninnnnio
564 153 665 223 XX.
774 176 839 243 ¹17

56 260 130 325 natis
145 261 204 330 sit‚·
223 281 272 318 nea
290 257 379 317 allam
396 302 404 329 ,
428 258 483 316 nisi
496 259 631 337 qnatenirs
647 259 777 336 imperari
790 281 839 318 eo.

59 336 103 398 lte
115 343 235 411 sinetis,
248 349 387 398 certamen
396 340 525 396 adrersrle
538 337 638 395 Patres
650 338 765 396 noritisl
785 336 839 397 Nee

60 417 112 477 lt'oc
122 418 223 477 notarri
235 421 345 476 insitum
360 430 421 486 est,
439 421 490 474 sed
501 440 552 476 nsn
565 418 756 495 possidemini.
784 412 841 476 Cur

60 500 135 556 enim
148 500 275 558 adieretis
284 509 418 556 externos
428 499 534 556 tantem
550 501 706 555 animorum
721 498 842 572 geritis,

61 589 94 635 ut
115 579 251 656 imperare
268 576 330 635 illie
354 598 461 657 equom
480 580 618 636 censeatis
637 581 646 636 l
680 576 755 654 Quia
776 595 843 633 con·

63 658 163 716 teletis
187 678 249 716 cnm
276 659 318 715 eis
342 677 392 735 pro
419 658 534 736 imperio
555 667 661 714 certare
673 676 685 727 ,¹
714 657 843 714 adversis

62 735 112 795 ltos
132 747 241 795 tentare
262 739 377 814 magis,
394 736 477 816 quim
497 740 569 796 tueri
585 735 753 794 libertatem.
784 735 844 794 Te·

61 835 146 885 men,
169 815 373 896 qualescunque
394 821 477 876 duces
493 815 653 882 habaistis,
677 813 845 893 qualescnn-
887 838 891 847 =

59 914 113 976 qne
125 899 179 976 ipsi
182 898 285 968 fuistis
295 939 304 966 ,
318 898 412 954 omnin
423 895 748 975 aditae,qnantacunqrre
754 895 844 971 petie-

53 977 111 1046 ·tis,
123 975 293 1047 obtinuistis,
307 997 354 1034 seu
366 978 403 1048 ri,
417 997 464 1035 eea
475 975 590 1044 fortuni
603 973 702 1034 nestri.
727 972 845 1051 Tempore

61 1056 174 1122 entiam
188 1059 295 1135 majora
309 1059 414 1115 conari.
443 1056 622 1134 Experimini
637 1057 715 1114 modi
737 1065 766 1112 et
782 1074 845 1111 ree-

65 1145 138 1193 tram
155 1135 357 1206 felicitatem,
382 1144 413 1193 et
435 1157 481 1195 me
507 1140 563 1210 (nt
587 1140 693 1212 spero)
719 1133 846 1201 feliciter

64 1226 223 1293 expertum.
244 1214 358 1274 Minore
367 1220 495 1293 negotia,
507 1217 555 1294 qni
567 1217 685 1293 imperet
699 1211 847 1284 Patribus,

63 1295 231 1371 imponetis,
247 1295 349 1375 quim,
372 1297 421 1375 qni
441 1296 603 1354 resisterent
621 1289 847 1372 imperantibus,

65 1376 104 1432 im
124 1377 245 1432 osaistis.
282 1373 347 1434 Solo
371 1379 508 1453 equando
528 1385 592 1432 sant
615 1375 763 1431 dictatura
781 1392 848 1430 eon·

67 1395 255 1530 militesque,
285 1465 318 1509 nt
344 1464 429 1529 rapot
453 1451 586 1512 attollere
618 1453 743 1511 Romane
767 1449 849 1530 plebe

63 1533 165 1612 possit.
196 1531 316 1589 Proinde
337 1536 456 1600 adeste,
480 1531 622 1608 proliilrete
644 1533 688 1594 ins
712 1535 747 1589 de
766 1550 852 1608 peca-

64 1612 200 1673 niiedr'ei.
216 1607 280 1687 Ego
298 1629 341 1667 me
354 1619 503 1688 patronam
519 1611 647 1686 profiteor
656 1607 766 1687 plebis,
779 1609 853 1687 qood

67 1689 137 1749 milri
154 1711 219 1748 cora
235 1710 297 1748 moa
313 1701 342 1748 et
350 1691 427 1762 fides
441 1708 539 1747 nomen
555 1689 655 1746 induit.
682 1686 739 1746 Vos
759 1690 783 1746 si
799 1706 853 1766 qao

67 1772 173 1848 insigni
196 1771 289 1847 magis
311 1771 423 1842 imperii
447 1769 590 1826 honorisve
608 1769 717 1826 nomine
732 1779 853 1825 restrum

66 1847 248 1928 appellabitis
271 1853 397 1917 dacem,
428 1870 460 1908 eo
487 1850 604 1906 utemini
626 1850 784 1926 potentiore
812 1848 853 1904 ad

65 1929 339 2009 obtinendamque
358 1929 453 1989 tultis.
485 1925 558 1986 Inde
580 1927 616 1986 de
637 1944 730 2006 regno
746 1921 852 2004 egendi

65 2020 162 2068 onum
179 2009 300 2066 initium
317 2008 427 2066 dicitur
450 2028 456 2066 :
481 2008 530 2066 sed
553 2027 607 2065 nec
631 2027 699 2066 eum
721 2005 852 2084 quibust

68 2105 123 2144 nec
145 2107 233 2165 quem
255 2085 292 2144 ed
315 2085 404 2146 finem
428 2085 555 2146 consilia
573 2087 785 2166 pervenerint,
807 2092 853 2145 eat

71 2164 191 2246 planum
213 2166 350 2223 traditur.
834 2182 847 2213 ⁸

66 2285 68 2291 ·
112 2254 214 2316 ΧΧΙΙ.
240 2258 276 2314 At
296 2255 326 2312 in
340 2265 423 2333 perte
434 2253 524 2314 elteri
540 2265 658 2313 senatus
670 2253 707 2311 de
722 2253 852 2329 (24)·ee-
878 2268 946 2318 Sena:

62 2335 226 2408 ¹cessione,
254 2336 285 2394 in
306 2335 424 2392 domum
452 2334 616 2414 privatam,
641 2334 760 2412 plebis,
778 2332 852 2392 forte
865 2332 893 2376 δε
916 2347 946 2377 ⁶0⁴

69 2418 159 2474 etiem
175 2417 205 2473 in
221 2433 289 2474 arce
305 2417 450 2494 positam,
468 2417 535 2489 (25)
553 2428 582 2473 et
594 2414 762 2473 imminenti
775 2412 852 2473 mole
865 2393 946 2498 mi

63 2493 223 2573 libertati,
256 2497 355 2573 agitet.
396 2495 502 2572 Magna
531 2515 598 2575 pars
630 2493 946 2572 vociferantur,agttae

72 2575 198 2634 Servilio
218 2575 307 2634 Ahala
329 2593 403 2655 opus
420 2595 506 2642 esse,
532 2576 661 2653 quinon
685 2577 715 2632 in
737 2574 852 2634 vincola

62 2653 140 2714 'duci
172 2654 298 2736 jubendo
322 2657 422 2714 irritet
448 2654 598 2732 publicum
632 2655 775 2728 hostem,
801 2653 853 2714 sed

71 2735 159 2794 nnius
184 2735 299 2814 jacinti.
318 2735 393 2795 civis
414 2731 495 2792 finiet
526 2735 699 2794 intestinum
728 2735 851 2794 bellum.

61 2814 250 2876 Decurritnr
261 2814 298 2875 nd
316 2815 457 2874 leniorem
471 2815 566 2875 verbis
582 2818 775 2887 sententiam,
793 2815 854 2872 rim

59 2917 194 2973 'adversim
213 2921 301 2971 Patres
321 2919 425 2969 certetis
436 2956 444 2981 ,
477 2919 609 2971 invidiosa
619 2933 724 2972 etatrox
736 2918 854 2985 appelln-

72 2987 125 3038 niei
134 2987 166 3036 de
175 2987 294 3036 terminis
303 2985 408 3035 illorum
415 2986 445 3037 in
478 2987 515 3038 tio
523 3004 579 3055 quae
587 2987 761 3052 defectionem
768 2998 852 3052 notet,

58 3069 121 3103 ¹vos
138 3053 250 3116 imperio
271 3053 414 3103 statuendis
435 3072 442 3104 ε
477 3054 853 3120 etruptadebitilegitmsetmn-

57 3172 60 3176 ,
73 3117 135 3173 clim
143 3117 195 3170 hoc
207 3119 279 3169 vobis
288 3116 376 3184 potiire
388 3136 446 3184 pro-
476 3121 625 3189 gistratilme
641 3119 759 3184 obsequii
771 3116 835 3179 iure.

58 3248 63 3254 ι
94 3186 190 3236 otitum
210 3200 267 3236 esee
284 3184 396 3248 debeat,
416 3197 446 3237 ut
511 3189 542 3239 ‘25
557 3180 853 3251 (Etirrrrrtlnerttt'rnole

75 3250 346 3319 ipsiillielniperetie.
480 3251 626 3315 libertati)
658 3250 692 3298 Et
714 3247 848 3312 periculo,

60 3325 65 3335 ·
107 3317 448 3388 nl(Seeessione)Hntceet
480 3319 551 3388 qnod
565 3316 715 3368 immineret
730 3311 852 3367 [merten.
