2016 3780
253 144 541 228 Nisei-ero
589 160 630 229 lje
781 164 847 257 159‘

59 256 131 321 Jam
147 264 252 317 terrem
265 260 433 321 cernebant.
452 262 540 324 Haud
552 263 594 324 iit
608 263 702 324 multis
714 279 781 346 post
790 288 847 345 gu.

61 339 199 399 bernator
220 340 352 422 Scipioni
371 341 414 399 ait
425 384 435 415 ,
455 366 509 402 non
533 345 599 422 plus
615 348 846 426 quinquemillia

58 440 190 499 passuum
208 422 332 497 Africum
344 420 441 480 abesse
453 444 464 478 .·
481 423 620 485 Mercurii
628 433 847 506 promontorium

59 521 90 559 ee
106 520 224 561 cernere.
251 501 283 562 Si
295 501 392 581 iubeat
404 502 434 560 ιὸ
447 507 536 585 dirigi
547 505 559 575 ‚'
568 508 630 585 jum
646 508 674 565 in
688 512 847 586 portufore

58 602 167 641 omnem
185 582 316 642 classem.
335 582 461 660 Scipio,
480 594 512 642 ut
533 585 566 642 in
586 599 749 669 conspectu
766 599 848 649 terra

57 662 138 734 luit,
187 674 303 723 recatus
318 660 414 734 deos,
433 663 478 720 uti
493 662 571 723 bono
588 665 762 748 reipublice
774 687 847 727 euo-

57 762 116 821 que
132 680 263 803 Aliteion
281 743 409 817 viderit,
430 740 503 802 dare
521 743 584 803 vele
595 791 604 821 ‚
617 757 649 806 et
660 745 751 808 alium
768 746 847 811 intre

56 822 181 883 navibus
202 840 356 884 accessum
375 834 478 903 petere
493 825 585 904 jubet.

97 905 134 966 V.
151 902 249 966 Vento
266 904 370 962 eodem
385 902 563 965 ferebantur.
581 904 722 967 Ceterum
736 905 848 968 nebula

59 983 113 1043 sub
133 981 212 1042 ntem
233 983 327 1043 ferme
348 994 490 1064 tempus,
512 1003 571 1064 quo
584 985 701 1066 pridie,
717 999 846 1059 exorta,

58 1073 252 1142 conspectum
273 1073 360 1125 terrae
377 1062 511 1137 ademit,
530 1077 561 1124 et
574 1076 677 1127 ventos
690 1079 846 1147 premente

58 1143 166 1203 nebuli
186 1143 305 1203 cecidit.
337 1144 406 1204 Nox
429 1143 537 1202 deinde
560 1147 721 1207 incertiora
745 1149 847 1207 omnia

58 1223 140 1284 lecit.
163 1221 266 1305 ltaque
290 1241 435 1295 ancorae,
455 1223 493 1282 ne
510 1236 559 1285 aut
576 1227 656 1285 iuter
671 1246 704 1286 se
719 1246 847 1288 concur-

59 1314 157 1363 rerent
178 1324 292 1377 nares,
318 1313 369 1362 ent
394 1314 480 1363 terrae
504 1304 700 1379 inferrentur,
735 1307 846 1384 jeclre.

60 1384 119 1446 Ubi
136 1383 256 1457 illuxit,
278 1394 381 1442 ventui
400 1382 484 1443 idem
496 1396 635 1459 coortus,
654 1387 759 1446 nebull
780 1387 846 1447 dis·

59 1464 161 1545 jecti,
183 1464 300 1545 aperuit
325 1462 425 1525 omnia
451 1461 566 1525 Africae
595 1465 705 1527 littora.
741 1467 847 1547 Scipio

59 1543 139 1624 quod
156 1554 236 1604 esset
254 1544 423 1626 proximum
443 1548 680 1627 promontorium
697 1565 845 1626 pereunc-

61 1636 164 1699 tatus,
190 1623 258 1686 cilm
283 1622 404 1684 Pulchri
429 1629 666 1704 promontorium
689 1625 719 1685 id
743 1627 844 1687 vocari

58 1703 214 1778 audisset,
242 1704 343 1765 Plucet
366 1726 465 1778 omen,
495 1706 620 1789 inquit,
651 1707 702 1766 huc
727 1710 847 1787 dirigite

57 1808 151 1846 naves.
178 1783 351 1851 Eoclaseis
375 1784 504 1846 decurrit
532 1809 539 1846 :
567 1788 662 1871 copie
686 1806 790 1849 omnes
810 1787 845 1846 in

57 1875 165 1927 terram
188 1866 332 1948 expositae
355 1876 431 1927 sunt.

87 1946 159 2006 ·Vl.·
173 1944 300 2007 Romani
317 1944 387 2003 inde
405 1956 499 2005 castra
512 1948 544 2006 in
559 1946 708 2029 proximis
720 1944 846 2009 tumulis

39 2026 213 2085 metantur.
231 2025 303 2088 Jam
318 2042 377 2081 non
397 2021 428 2080 in
447 2025 613 2086 maritimos
630 2027 720 2084 modo
735 2025 844 2104 agrol,

58 2115 218 2182 conspecto
238 2103 368 2184 primlun
384 2099 506 2175 classis,
520 2102 590 2163 dein
606 2105 732 2166 tumultu
756 2126 845 2184 egre-

58 2182 205 2244 dientium
227 2182 259 2239 in
283 2194 416 2257 terrem,
444 2201 535 2263 paror
560 2196 713 2267 terrorque
738 2203 846 2264 perre-

58 2275 166 2338 uerat,
195 2261 298 2323 sedin
319 2261 401 2342 ipsas
425 2263 523 2324 urbes.
551 2265 657 2344 Neque
680 2265 759 2324 enim
786 2266 843 2325 ho·

57 2346 173 2406 minum
191 2341 279 2403 modo
302 2342 411 2417 turha,
440 2345 602 2406 mulierum
623 2364 845 2427 puerorumque

57 2427 226 2505 agminibus
248 2424 398 2497 immista,
422 2442 525 2487 omnes
544 2427 653 2507 passim
670 2423 843 2505 compleve-

58 2518 104 2566 rat
122 2508 205 2578 vias,
226 2504 277 2567 sed
297 2523 404 2587 pecora
429 2524 547 2586 quoquc
570 2526 630 2587 prae
654 2526 686 2571 ee
711 2517 845 2584 agrestae

58 2586 186 2664 agebant
211 2605 218 2643 z
245 2596 277 2644 ut
299 2584 424 2664 relinqui
445 2586 544 2645 subito
563 2587 695 2649 Atticam
711 2585 843 2649 diceres.

58 2665 188 2729 Urbibus
207 2664 278 2724 verb
300 2664 375 2745 ipsit
395 2668 557 2746 majorem,
580 2666 670 2745 quim
691 2685 777 2748 quem
795 2686 842 2729 se·

56 2763 125 2807 cum
148 2743 331 2816 attulerant,
360 2754 503 2807 terrorem
532 2745 707 2808 inserebant.
734 2747 842 2808 Praci-

78 2827 115 2888 ui
133 2824 324 2904 Carthaginis
336 2826 431 2906 prope
449 2836 481 2886 ut
503 2837 601 2906 captes
619 2827 759 2889 tumultus
772 2826 842 2891 luit.

56 2845 134 2967 Ram
157 2917 225 2988 post
248 2906 290 2968 Μ.
311 2905 451 2975 Attllium
470 2906 617 2986 Regulum
646 2919 676 2969 et
699 2907 734 2968 L.
755 2906 841 2969 Mam

56 2983 131 3044 lium
163 2985 324 3060 consules,
350 2988 433 3049 annii
464 2987 557 3069 prope
587 2985 801 3069 quinquaginta
826 3030 841 3062 ,

57 3065 171 3128 nullum
200 3065 364 3129 Romanum
393 3066 558 3131 exercitum
585 3068 741 3141 viderant,
765 3086 840 3148 prie-

57 3155 104 3207 tar
128 3143 315 3225 predatorias
338 3147 469 3220 classes,
498 3147 606 3225 quibus
628 3147 840 3209 exscensionee

56 3226 85 3284 ln
109 3242 194 3302 agros
206 3228 369 3286 maritimos
380 3227 469 3288 iactae
482 3238 566 3287 erant
580 3248 589 3300 ,·
612 3230 650 3289 οὸ
668 3229 761 3306 major
773 3239 839 3289 tum

56 3322 148 3387 paror
167 3304 196 3365 in
213 3306 290 3371 urbe
306 3307 451 3382 trinit,
474 3306 619 3386 hercule,
640 3327 736 3390 neque
750 3325 838 3382 eretz
