2016 3780
209 125 493 195 Nannarro
539 125 657 194 XLI.
796 136 840 221 69

54 241 127 293 -sunt
147 228 180 289 id
192 230 233 289 ita
246 247 319 289 esse.
332 229 510 308 Litteraequo
524 229 646 308 proiatae
662 249 668 287 :
685 227 733 307 (3)
751 240 780 288 et
791 231 841 289 ad.

58 312 155 371 ditum
178 308 267 368 etiarn
289 307 424 378 indicio,
440 307 521 387 quod
536 308 684 368 celabatur
702 352 711 379 ‚
727 319 755 366 et
768 306 841 369 alios

57 390 161 472 specie
183 387 392 466 transfugarum
413 387 556 449 Numidas
568 389 666 469 vagari
688 389 841 449 incastris

59 469 210 531 Romanis.
236 466 273 527 Hi
289 467 377 548 sopri
398 471 583 547 septuaginta
607 467 840 548 comprehensi,

58 562 90 608 et
106 568 173 609 cum
189 544 347 625 transfugis
367 548 450 606 novis
468 548 602 607 mulctati
620 549 712 627 virgis
724 591 734 621 ‚
748 546 842 611 mani·
887 561 891 567 ·

59 629 171 706 busque
186 627 345 708 praecisis,
361 628 494 708 Capuam
517 626 697 704 rediguntur.

98 707 213 771 xviv.
241 707 440 786 Conspectum
468 719 528 767 tam
553 709 636 766 triste
658 704 840 787 supplicium
867 705 970 756 Senatus

56 788 147 867 fregit
166 787 279 847 animos
298 786 525 868 Campanorum.
550 786 716 847 Concursus
737 784 771 844 ad
787 803 840 845 cu·
852 768 971 874 ma

56 871 132 929 riam
145 866 248 950 populi
266 865 379 949 factus,
395 870 495 946 coegit
507 866 627 927 Lesium
642 877 773 927 senatum
789 883 840 923 vo·
852 897 959 934 vocaus.

58 966 126 1015 care
140 991 149 1020 ‚
163 957 194 1006 et
204 947 401 1027 primoribus,
417 950 469 1027 qui
483 949 539 1026 jam
552 948 602 1005 diri
620 946 749 1026 publicis
774 963 842 1006 con·

59 1027 137 1087 siliis
170 1026 311 1097 aberant,
342 1028 496 1109 propalam
516 1024 746 1109 animabantur,¹
782 1025 842 1084 nisi

59 1108 193 1167 venirent
208 1106 240 1161 in
258 1118 414 1179 senatum,
433 1108 513 1167 circi
535 1107 637 1166 domos
659 1124 759 1165 eorum
786 1106 844 1163 itu-

60 1206 109 1247 ros
122 1205 184 1256 se,
210 1195 239 1243 et
262 1185 292 1243 in
310 1184 465 1265 publicum
485 1206 586 1246 omnes
610 1185 638 1259 ri
660 1196 842 1245 extracturos

60 1285 141 1404 esses)
154 1265 181 1324 {s
199 1265 290 1324 timor
307 1265 489 1346 frequentem
506 1264 639 1327 senatum
653 1265 842 1345 ¹magistratui

84 1364 121 1405 rae
143 1346 197 1404 uit.
414 1366 418 1371 ·

61 1364 203 1486 pXXV.
230 1423 273 1484 tbi
296 1423 364 1483 cium
389 1427 482 1484 ceteri
505 1424 541 1484 de
564 1423 668 1504 legetis
691 1423 841 1482 mittendis
857 1411 953 1520 yffi*

62 1502 101 1583 ad·
114 1503 308 1584 imperatores
332 1503 478 1564 Romanos
504 1515 641 1583 agerent,
663 1504 774 1567 Vibius
788 1506 843 1565 Vi·
854 1489 942 1581 odric.

62 1583 124 1642 rius
139 1584 212 1663 ,qui
222 1581 399 1643 deiectionis
414 1584 451 1644 ab
464 1584 601 1644 Romanis
617 1597 719 1645 auctor
732 1584 843 1655 iuerat,

61 1664 263 1741 interrogatus
275 1665 469 1729 sententiam,
485 1675 573 1743 negat
588 1709 597 1736 ‚
615 1686 664 1725 eos
676 1670 724 1746 qui
746 1669 781 1722 de
803 1664 846 1722 Ie-

60 1745 140 1822 gatis
155 1787 164 1817 ,
177 1756 207 1803 et
221 1747 256 1803 de
274 1762 346 1822 poce
360 1747 544 1806 ‹rc-deditione
560 1747 728 1825 loquuntur,
746 1745 845 1802 memi-

60 1826 134 1882 nisse
146 1866 160 1895 ,,
178 1845 229 1883 nec
244 1825 312 1904 quid
323 1829 435 1896 facturi
452 1829 585 1896 sitierint,
601 1827 627 1884 si
658 1829 797 1884 Romanos
814 1824 842 1881 in

58 1914 202 1982 potestate
227 1900 391 1965 habuissent
400 1926 412 1978 ,¹
430 1927 479 1966 nec
503 1908 571 1988 quid
590 1909 659 1985 ipsis
679 1907 842 1982 potiendum

60 1985 108 2041 sit.
122 1985 170 2057 (4)
188 1985 262 2062 Quid
274 1987 283 2037 i
296 2006 342 2042 vos
356 2027 365 2055 ‚
380 1984 496 2063 inquit,
517 2007 581 2046 eom
602 1987 770 2042 deditionem
776 1987 844 2051 fore

61 2065 182 2119 censetis
202 2105 211 2134 ,
234 2062 288 2142 qud
309 2068 469 2140 quondum,
495 2076 526 2122 ut
548 2067 676 2119 adversis
702 2061 843 2118 Samnites

62 2138 205 2198 auxilium
233 2143 470 2218 impetraremus,
495 2163 545 2200 nos
572 2152 721 2217 nostraque
751 2141 843 2194 omnia

63 2221 198 2279 Romanis
225 2221 352 2278 dedimus
374 2223 383 2279 i
405 2218 506 2282 Jume¹
531 2222 666 2278 memorie
696 2220 843 2286 excessit,

62 2320 116 2379 quo
134 2311 256 2378 tempore
269 2341 277 2368 ‚
292 2311 321 2357 et
340 2301 368 2357 in
388 2321 443 2380 quo
450 2302 566 2370 fortune
578 2297 707 2377 ripopuio
720 2299 844 2354 Romano

62 2381 245 2450 defecerimus
269 2382 277 2438 i
298 2377 361 2440 Jum
387 2423 396 2452 ‚
427 2380 654 2462 quemedmedrim
696 2380 724 2436 iu
751 2380 848 2448 defece

63 2462 139 2517 tione
160 2460 342 2536 presidium,
366 2464 439 2538 quod
455 2469 568 2538 poterut
589 2460 699 2529 emitti,
716 2478 767 2536 per
782 2477 845 2515 cru-

64 2540 168 2595 ciatum
189 2547 221 2595 'et
246 2541 284 2596 ad
304 2538 500 2598 contumelium
526 2543 713 2598 uocauerimus
735 2541 744 2596 t
769 2537 846 2614 Quo-

64 2617 121 2675 ties
135 2618 163 2673 ia
177 2614 333 2675 obsidentes
345 2660 353 2688 ‚
364 2619 446 2697 quim
475 2614 586 2676 inimici
609 2619 779 2696 eruperimus
789 2634 848 2674 cos·

63 2707 109 2754 tro
143 2699 391 2774 oppugnaverimus
415 2701 424 2757 i
454 2694 622 2756 Annibalem
662 2699 848 2754 uocauerimus

63 2778 102 2836 ud
127 2777 321 2857 opprimendos
349 2797 422 2849 eos;
448 2776 498 2836 doc
526 2779 600 2861 quod
626 2778 844 2840 recentissimum

74 2982 77 2987 .
98 2939 114 2990 ὃ
131 2937 190 3003 (Et
199 2934 339 2998 addr'turrr)
354 2937 388 2988 Et
397 2937 440 2988 in·
505 2936 522 3002 4
547 2934 649 3007 (Quid
656 2936 668 2990 l
685 2954 761 2992 vos...
784 2955 845 2989 eam

66 3003 137 3055 dicio
148 3017 179 3053 ac
189 3002 351 3055 confessioni
360 3003 439 3055 dedit·
471 3002 640 3059 deditionem
659 2998 727 3068 fore
748 3019 845 3057 cerrec-

66 3069 129 3119 teris
160 3067 188 3116 id
216 3070 294 3120 etism
320 3071 437 3125 additum
470 3068 508 3120 tis
527 3107 535 3132 ,
554 3068 630 3139 quei)
649 3068 843 3120 Talemnefore

67 3135 139 3205 quod
151 3129 236 3200 primo
247 3135 360 3187 celatum
382 3137 438 3190 fue·
471 3138 584 3188 censetis
594 3135 755 3185 deditionem
765 3152 843 3202 quam

65 3214 107 3256 ret
117 3240 125 3265 ,
145 3215 241 3264 nempe
252 3201 319 3257 ulio·
334 3220 438 3274 quoque
471 3204 585 3254 suadetis
595 3216 667 3251 nunc
680 3200 734 3250 fieri
744 3237 749 3257 ,
759 3202 843 3267 qualis

69 3269 236 3329 Numidas...
472 3267 522 3325 tuit
537 3268 584 3323 illu
592 3305 601 3334 ,
614 3265 665 3336 qut
678 3268 822 3338 quondam.
