2062 3786
155 210 159 219 '
204 199 489 270 Nannr'nro
541 194 717 268 LVIII.
754 201 855 272 '205

62 307 141 379 fudit
148 308 317 385 fugauitque
328 349 335 375 ,
346 307 406 364 ideo
417 302 570 384 Syphacem
583 305 658 382 cepit
668 344 676 373 ,
686 300 854 363 Annibalem

67 387 195 453 devicit,
227 382 432 466 Carthaginem
461 382 628 463 uectigalem
654 381 745 441 nobis'
757 386 853 455 jecit,

67 464 232 523 Antiochum
248 467 459 544 (recepitenim
466 469 590 536 fratrem
604 475 756 522 consortem
776 464 856 542 hujus

65 544 166 623 glorio
182 543 217 602 L.
237 541 354 622 Scipio)
380 543 457 602 ultra
485 544 570 609 Tauri
582 545 653 622 juga
676 545 799 614 emovit,
824 554 856 603 ut

66 624 172 684 duobus
198 623 323 684 Petilliis
340 620 547 695 succumberet,
569 646 616 682 uos
628 628 662 682 de
674 624 707 683 P.
722 623 856 694 Africano

62 703 191 786 palmum
206 707 360 782 peteretisl
381 704 510 765 Nullisne
535 707 642 763 meritis
666 704 745 774 suis,
768 701 857 762 nullis
926 772 929 778 Ι

67 789 175 859 vestris¹
191 784 338 843 bonoribus
369 806 490 865 unquam
516 780 550 843 iri
568 795 801 860 urcemsftutum,
827 793 857 841 et

65 863 144 924 uelut
158 876 303 935 sanctum,
326 865 398 923 clari
419 867 470 923 riri
483 867 664 943 pectoralem·
684 861 737 922 'ubi
757 865 782 921 si
803 884 859 922 non

21 956 26 973 “
67 944 253 1025 uenerabilis,
271 943 406 1004 inuiolata
423 943 526 1004 saltem
539 956 666 1003 senectus
679 964 772 1002 eorum
790 965 856 1002 con·

68 1027 174 1085 sidutl

109 1126 162 1188 IX.
189 1126 284 1186 Movit
306 1139 335 1185 et
352 1125 524 1199 decretum,
549 1136 579 1184 et
601 1124 713 1204 adjecta
736 1124 857 1198 oratio,
893 1118 897 1128 ’
947 1134 951 1144 ’

68 1227 128 1268 nou
152 1218 267 1267 ceteros
291 1207 399 1281 modb,
428 1207 479 1267 sed
505 1209 588 1288 ipsos
615 1208 705 1265 etiam
736 1223 859 1267 accusa-

69 1300 148 1348 tores
171 1307 178 1344 :
205 1299 235 1345 et
259 1287 471 1349 deliberaturos
490 1307 543 1358 se,
566 1285 638 1365 quid
657 1287 705 1346 aui
728 1286 802 1365 juris
827 1293 859 1343 et

69 1367 162 1427 officii
180 1379 281 1442 esset,
306 1368 453 1428 dixerunt.
477 1369 600 1429 Senatus
627 1365 764 1440 deinde,
787 1384 859 1426 con-

69 1450 141 1510 cilio
165 1448 263 1526 plebis
286 1447 429 1521 dimisse,
457 1448 560 1508 haberi
582 1457 627 1506 est
651 1458 777 1527 coeptus.
812 1446 859 1506 Ibi

70 1528 171 1606 gratiae
185 1529 321 1606 ingentes
343 1529 378 1588 ab
398 1530 536 1588 universo
558 1527 687 1599 ordine,
709 1527 858 1606 precipue

70 1607 312 1669 &consularibus
339 1609 588 1687 senioribusque,
622 1607 690 1669 Tib.
718 1604 859 1667 Graccho

69 1700 147 1749 actae
163 1701 255 1769 surm
277 1689 354 1769 qudd
367 1691 594 1768 rempublicam
618 1688 741 1769 privatis
758 1686 860 1746 simul-

24 1838 27 1843 ,
70 1771 180 1832 tatibus
203 1772 353 1850 podorem
376 1769 526 1830 habuisset
550 1781 606 1828 :et
631 1767 742 1830 Petillii
763 1765 860 1826 vexati

70 1862 138 1910 eunt
159 1850 304 1930 probrIs,
334 1850 412 1932 qubd
438 1851 593 1926 splendere
623 1849 720 1909 aliend
746 1846 861 1907 invitia

71 1929 251 2006 voluissent,
269 1943 298 1992 et
316 1932 412 2012 spolia
425 1929 485 2010 (6)
502 1953 540 1992 ex
554 1929 690 1993 Africani
707 1928 861 2011 triumpho

71 2020 216 2092 peterent.

112 2115 149 2177 V.
171 2115 331 2175 SilenIIum
346 2113 453 2176 deinde
466 2113 504 2174 de
516 2112 657 2174 Africano
670 2112 736 2174 fuir.
758 2116 862 2178 Vitam

72 2192 189 2257 Literni
205 2196 288 2273 egit,
313 2196 376 2255 sine
401 2195 550 2255 desiderio
566 2194 657 2255 urbis.
680 2195 862 2255 Morientern

72 2295 141 2336 rure
157 2295 194 2334 eo
209 2276 278 2355 ipso
299 2275 367 2335 loco
390 2277 512 2358 sepeliti
538 2296 569 2336 se
594 2276 712 2354 jussisse
739 2275 862 2349 ferunt,
963 2276 978 2355 J

72 2367 353 2435 monumentumque
374 2356 417 2416 ibi
438 2354 603 2431 aedIficari,
634 2376 671 2416 ne
694 2354 781 2418 funus
801 2356 862 2417 sibi

72 2437 105 2501 in
122 2439 237 2516 ingrata
257 2437 353 2520 patria
369 2437 465 2498 fieret.
728 2501 733 2511 ,

114 2540 170 2600 XI.
191 2540 247 2604 Vir
260 2541 482 2614 memorabilis,
501 2540 618 2602 bellicIs
636 2552 734 2600 tamen
748 2540 862 2620 magis,

30 2640 38 2655 ¹
74 2619 162 2703 quim
179 2621 263 2700 pacis
285 2623 406 2681 artibus.
430 2622 657 2682 Memorabilior
679 2623 774 2701 prima
795 2640 863 2701 para

75 2700 165 2773 vitae,
188 2702 276 2778 quim
304 2712 451 2784 postrema
476 2702 534 2762 fuit
556 2722 563 2760 :
588 2701 656 2781 quia
684 2702 716 2759 in
742 2702 863 2781 juventa

76 2781 155 2841 bella
175 2781 292 2842 assidue
316 2795 422 2861 gesta;
448 2801 516 2843 cum
540 2793 658 2843 senecta
680 2801 728 2843 res
745 2800 863 2860 quoque

76 2859 264 2936 defloruere,
288 2884 344 2925 nec
366 2864 489 2944 praebita
510 2874 555 2923 est
578 2861 706 2922 materia
722 2863 862 2941 ingenie.

76 2940 159 3018 Quid
181 2941 216 3000 ad
238 2943 368 3023 prImurn
391 2947 576 3004 consulatum
593 2942 864 3014 secundun,etiam
958 2957 961 2961 ’

77 3021 102 3079 si
128 3040 282 3082 censuram
308 3024 449 3103 adjiciast
472 3023 554 3103 Quid
576 3023 707 3084 Asiatica
729 3024 873 3101 legatio,-

78 3110 109 3159 et
130 3099 294 3164 valetudiue
310 3105 431 3166 adversi
449 3105 589 3179 mutius,
609 3116 639 3164 et
654 3102 710 3164 filii
728 3123 795 3164 casu
812 3103 864 3163 de·
898 3187 902 3193 Δ
985 3170 988 3179 ,

110 3265 128 3317 6
142 3266 209 3332 (Ex
220 3266 355 3339 Africani
366 3266 521 3339 triumpho)
543 3271 585 3324 Ex
594 3268 724 3340 Scipione
735 3267 862 3324 Africano

79 3342 251 3412 triumphato.
