2016 3780
195 196 259 266 116
418 192 546 262 Trrr
593 187 744 256 Lrvrt

231 296 361 362 XXXV.
395 293 441 356 lit
468 293 652 354 consociatus
680 285 877 368 triumphus,
908 281 979 379 clim

191 381 334 456 utrique,
354 388 414 435 tum
438 376 531 452 magis
548 376 599 446 ei,
624 372 675 453 qui
691 370 840 448 quantum
866 382 980 425 merito

191 459 351 529 anteibat,
385 456 496 514 tautum
527 455 637 514 honore
664 452 791 529 collegae
818 457 978 518 cesserat,

189 538 315 616 gloriam
326 537 419 597 auxit.
435 535 503 613 (13)
514 535 597 594 Illum
610 536 750 616 equitem,
765 529 908 597 aiebant,
923 546 979 587 sex

188 624 296 678 dierum
314 621 405 698 epotio
424 622 621 677 transcurrisse
637 614 840 693 longitudinem
855 608 956 667 ltalia
965 630 977 680 ,·

188 711 217 758 et
232 722 264 758 eo
283 701 329 757 uie
344 720 406 757 cum
423 697 580 757 Asdrubale
597 701 625 756 in
638 694 737 755 Gellii
750 694 842 770 signis
859 690 979 748 collatis

186 780 327 859 pugnisse
337 822 346 849 ,
358 801 412 859 quo
423 792 592 854 eum-costra
604 779 734 837 odrersils
746 794 806 834 sese
820 774 852 829 in
869 768 979 851 Apulirl

184 863 278 940 posito
293 858 394 918 ltalere
413 859 536 920 Annibal
551 861 724 919 credidisset.
745 855 789 915 lttl
806 873 895 910 unum
910 873 978 910 con·

186 939 275 998 sulem
293 962 345 1020 pro
356 941 472 1020 utrique
483 951 565 1020 porte
582 939 675 999 ltaliae
687 939 817 998 aduersis
836 937 913 992 duos
925 937 979 990 du-

184 1043 249 1092 ces,
262 1025 329 1080 duos
341 1022 521 1098 imperotores
532 1065 541 1094 ,
553 1021 615 1080 lrinc
627 1019 773 1080 consilium
786 1035 871 1076 suum
883 1057 893 1084 ‚
913 1014 976 1072 hinc

184 1123 283 1180 corpus
301 1103 469 1180 opposuisse.
490 1102 595 1160 Nomen
608 1101 727 1160 Neronis
739 1102 811 1157 sotis
823 1098 927 1164 fulsse
940 1097 977 1152 ad

185 1186 377 1240 continentium
391 1185 492 1239 rostris
505 1183 680 1241 Annibalem.
696 1175 885 1240 Asdrubalem
899 1176 975 1248 verb,

182 1263 237 1342 quii
257 1261 316 1318 oliti
341 1281 391 1330 re,
412 1259 494 1339 qusint
517 1267 636 1322 aduentu
657 1266 715 1340 ejus
737 1260 867 1319 obrutum
886 1267 976 1335 atque

184 1345 341 1399 extinctum
358 1344 435 1398 essel
455 1340 554 1423 ltaque
565 1348 620 1404 iret
639 1343 713 1402 ulter
725 1339 825 1400 consul
840 1335 975 1394 sublimis

183 1444 264 1480 curru
284 1419 462 1501 multijugis,
484 1430 507 1481 si
525 1423 626 1497 uellet,
646 1427 732 1504 equis.
756 1423 906 1497 vaneque
922 1437 974 1494 pet

182 1502 278 1563 urbem
308 1522 399 1558 verum
425 1505 596 1582 triumphum
626 1505 686 1562 veli
708 1528 718 1560 ‚¹
750 1502 973 1582 Neronemque,

118 1586 126 1595 ’
182 1591 268 1647 etiorn
288 1585 313 1638 si
328 1585 414 1660 pedes
426 1586 563 1656 incedut,
588 1585 632 1644 vel
644 1586 728 1664 porto⁴
751 1605 782 1640 eo
802 1581 904 1654 bello,
931 1581 975 1642 nel

181 1667 275 1746 spreti
292 1684 322 1720 eo
336 1664 475 1742 triumpho
486 1665 600 1745 gloriri,
617 1662 823 1722 memorabilem
831 1669 913 1735 fore.
934 1662 973 1722 lli

181 1759 330 1806 sermones
345 1748 543 1820 spectantium
559 1746 709 1805 Neronem
724 1763 816 1823 usque
831 1747 864 1802 in
879 1745 973 1824 Capi·

180 1825 285 1882 tolium
302 1823 454 1898 prosecuti
472 1835 548 1881 sunt.

190 1966 193 1973 ,
219 1899 365 1964 XXXVI.
382 1902 516 1962 Pecuniae
527 1906 557 1963 in
570 1905 711 1965 cerarium
726 1902 878 1963 tulerunt:
899 1905 969 1979 (14)

177 1983 344 2050 ‘eslestiltfss
368 1985 488 2058 tricies,
503 1989 658 2063 octoginta
673 1983 766 2042 millia
781 1987 859 2046 aeris.
886 1985 969 2043 Mili·

98 2125 105 2132 ,
179 2065 260 2124 tibus
274 2067 317 2127 M.
337 2064 437 2126 Livius
452 2070 519 2140 (15)
535 2069 755 2146 quinquagenos
774 2086 863 2126 senos
887 2089 967 2128 asses

177 2144 289 2205 divisit.
323 2145 518 2208 Tantumdem
556 2149 590 2210 C.
626 2147 766 2209 Claudius
795 2148 966 2213 absentibus

176 2227 323 2289 militibus
335 2231 394 2287 suis
406 2239 450 2285 est
465 2227 616 2307 pollicitus
631 2273 638 2298 ,
656 2229 722 2286 crim
740 2226 774 2286 nd
793 2235 963 2289 exercitum

175 2307 307 2368 redisset.
331 2310 470 2366 Notatum
493 2327 529 2364 eo
547 2308 596 2365 die
620 2309 704 2385 plura
724 2310 857 2370 carmina
881 2312 964 2371 mili·

175 2387 285 2445 taribus
302 2387 375 2464 jocis
392 2387 421 2444 in
442 2385 477 2447 C.
499 2387 675 2461 Claudium,
699 2391 784 2465 quim
803 2391 837 2447 in
854 2412 962 2452 consu·

173 2467 233 2526 lem
252 2484 335 2522 snum
352 2460 456 2541 {artata
473 2486 478 2522 :
497 2468 609 2544 equites
630 2468 663 2526 L.
686 2471 844 2532 Veturium
866 2486 898 2531 ot
923 2477 958 2556 Q.

174 2545 335 2608 Caecilium
347 2545 458 2624 legatos
468 2549 582 2625 magnis
600 2546 700 2608 tulisse
711 2549 867 2624 laudibus,
892 2555 959 2614 hor-

172 2636 307 2705 latosque
320 2645 384 2686 esse
401 2626 536 2708 plebem,
549 2639 582 2688 ut
597 2649 648 2688 eos
664 2629 798 2689 consules
811 2633 842 2690 in
861 2634 958 2715 proxi·

76 2788 78 2793 ¹
163 2725 252 2772 ,mum
271 2727 378 2766 annum
398 2720 550 2801 preerunt:
570 2709 714 2788 adjecisse
736 2710 802 2788 (16)
818 2718 957 2796 equitum

209 2833 237 2883 ιδ
264 2831 368 2896 (Illum
395 2835 542 2903 equitem)
576 2840 694 2890 millibus
710 2841 888 2910 rerisgravis,
904 2859 955 2901 tote

166 2898 317 2962 Neronem,
330 2902 454 2969 quisquo
467 2904 543 2956 veha.
577 2923 678 2956 nummu
698 2908 747 2956 erit
757 2925 908 2964 marcarum
921 2904 956 2966 ar=

137 2989 140 2995 ·
169 2976 228 3027 tur,
262 2969 323 3019 dum
355 2968 456 3038 collega
486 2970 541 3036 ejus
576 2975 648 3039 genti
675 2976 833 3027 nostratium
863 2978 954 3048 11814‘3.

169 3048 244 3087 curru
265 3033 383 3085 sublimis
397 3036 506 3087 incedit.
574 3055 635 3090 cum
655 3056 699 3090 sex
718 3044 813 3094 unciis.

205 3100 539 3171 14(Sestertiuimtrieies)
598 3103 953 3176 15(Qninqoaeen0ssenos

17 3168 24 3193 ⁸
167 3165 272 3242 Merces
292 3170 391 3237 argenti
412 3183 540 3223 nostrates
574 3161 951 3245 asses)Sestertios14.non

170 3235 259 3296 11718.
280 3250 340 3287 cum
360 3239 447 3289 unciis
468 3257 537 3290 ser:
573 3245 763 3310 totamargenti
773 3251 950 3302 semunciam.

166 3301 537 3386 quiburrieddasmsrcssrui
589 3309 632 3383 Ι16
646 3309 797 3389 (Eppitum
806 3332 951 3391 praeroga·

51 3304 137 3544 ι
167 3380 225 3440 que
236 3367 344 3426 attinnt
357 3388 388 3425 ex
403 3387 538 3451 octogiuta
571 3377 657 3444 uoce)
675 3375 717 3428 lllr
735 3378 853 3452 equitum
877 3381 950 3459 jndi-
