2016 3780
124 191 187 257 166
347 182 473 255 T1‘r1
520 186 671 255 Divis

119 291 222 369 criptae
245 288 401 349 exeodem
424 289 519 349 milite
538 309 623 359 nouoe
648 288 803 367 legiones,
831 286 903 355 duc-

119 374 224 448 tusque
239 368 272 428 nd
294 369 437 431 Caudium
453 369 610 428 exercitus.
635 369 790 446 Praegressi
809 367 904 428 fecia-

118 450 190 521 les,
223 451 273 510 ubi
290 451 324 508 ad
346 461 459 528 portam
483 448 612 520 vendre,
647 462 757 508 vestem
788 448 906 508 detrahi

118 533 202 612 pacis
218 530 410 607 sponsoribus
431 530 558 607 jubent,
582 549 683 590 manus
700 540 767 608 post
788 541 907 606 tergum
935 589 941 599 ,

120 611 237 672 vinciri.
271 610 349 671 cum
372 610 522 689 apparitor
543 607 724 669 uerecundid
744 611 907 686 maiestatis

120 690 305 752 Postumium
325 691 390 750 lsxd
409 691 561 762 vinciret,
594 692 667 764 Quin
692 701 749 760 ta,
785 691 906 767 inquit,

120 774 237 841 adducis
251 771 362 841 lorum,
382 782 414 828 ut
433 774 512 852 justa
526 773 585 845 fiat
606 773 737 830 deditioi
760 767 837 831 Tum
852 768 907 828 ubi

120 851 152 909 in
174 861 282 909 costum
303 851 503 921 Samnitium,
530 861 560 908 ot
586 848 621 909 ad
639 847 769 911 tribunal
786 861 908 908 ventum

121 931 219 991 Pontii
238 941 313 1002 est,
350 933 387 991 A.
415 927 571 993 Cornelius
596 930 704 988 Arvina
724 928 840 989 fecialis
863 930 907 988 itt

121 1011 208 1069 verba
229 1009 324 1069 iecit:
352 1013 525 1091 Quandoque
552 1011 611 1070 luico
628 1010 771 1081 homines,
800 1014 907 1090 injussu

119 1090 217 1172 populi
235 1093 353 1150 Romani
370 1093 520 1163 Quiritium
539 1135 547 1160 ‚
565 1093 660 1160 fadus
680 1092 764 1150 iotam
784 1094 820 1149 iri
839 1112 907 1170 spo-

118 1176 298 1254 ponderunt,
318 1183 402 1251 utque
422 1175 458 1230 ab
476 1190 536 1229 eam
555 1190 611 1228 rem
635 1172 700 1248 (7)
723 1190 828 1230 noxam
855 1193 906 1229 uua

121 1264 236 1312 suerunt
247 1273 258 1322 ;
283 1249 316 1330 ab
339 1270 400 1310 eom
425 1271 508 1322 rem,
541 1251 593 1330 qud
617 1249 736 1330 populus
761 1251 907 1310 Romanus

110 1331 226 1392 ¹scelere
249 1335 333 1411 impio
353 1334 393 1389 sit
416 1329 551 1399 solutus,
583 1330 662 1389 doses
686 1331 809 1390 homines
831 1328 907 1389 uobis

121 1415 201 1473 dedo.
214 1411 280 1471 ilaec
291 1409 401 1469 dicenti
413 1409 513 1468 faciali
526 1409 691 1470 Postumius
704 1430 779 1487 genu
794 1408 907 1481 femur,

121 1491 226 1570 quanti
242 1492 370 1551 maxime
389 1501 506 1571 poterat
527 1492 578 1563 ui,
607 1490 752 1571 perculit,
784 1489 908 1550 stulard

122 1591 195 1632 uoco
213 1572 275 1644 ait,
301 1571 337 1631 Se
352 1569 510 1631 Samnitem·
518 1574 601 1629 ciuem
614 1591 674 1630 esse
689 1616 696 1640 ,
725 1570 806 1630 illum
823 1568 905 1648 iega-

122 1665 182 1712 tum
200 1673 211 1723 ,¹
230 1651 365 1724 socialem
378 1651 395 1707 d
412 1671 441 1710 se
452 1652 546 1710 contrd
553 1654 601 1732 jus
611 1654 737 1728 gentium
752 1653 907 1723 violatum

123 1734 155 1792 ed
162 1733 264 1809 justius
281 1731 384 1790 bellum
400 1739 537 1807 gesturos.
750 1788 752 1791 ,

28 1811 113 1882 Posui
163 1810 202 1872 Χ.
221 1810 298 1869 Tum
318 1810 462 1880 Pontius,
485 1809 542 1868 Nec
565 1827 617 1887 ego
637 1810 720 1869 istam
739 1813 908 1869 deditionem

2 1887 113 1977 m?
127 1891 284 1968 accipiam,
318 1889 439 1966 inquit,
471 1909 520 1946 nec
542 1887 684 1946 Samnites
697 1886 794 1970 'ratem
822 1889 910 1948 lrabe-

2 1991 98 2038 mmo.
127 1968 204 2028 bunt.
228 1970 300 2046 Quin
319 1981 380 2038 tu,
417 1965 501 2044 Spuri
524 1967 679 2038 Postumi,
715 1971 740 2027 si
757 1973 821 2028 deos
848 1989 908 2026 esse

2 2065 89 2118 ΨΜ
126 2071 246 2121 censes,
273 2049 631 2120 automniairritufaeis,
663 2059 714 2106 aut
727 2062 808 2126 pacto
826 2052 910 2106 scusi

3 2124 40 2160 ¹⁰·
127 2128 250 2191 Samniti
264 2129 366 2208 populo
392 2149 486 2189 ornnes
505 2132 613 2209 quasin
631 2140 772 2208 potestate
791 2128 910 2198 habuit,

96 2258 102 2293 p
125 2223 177 2271 aut
191 2233 243 2293 pro
266 2212 305 2270 eis
326 2230 389 2290 pax
413 2212 538 2270 debetur.
563 2209 619 2268 Sed
639 2207 706 2288 quid
732 2229 784 2289 ego
810 2221 837 2267 te
857 2227 910 2282 ap-

95 2298 101 2361 !
121 2291 223 2373 pello,
249 2294 297 2371 qui
319 2301 346 2350 te
368 2304 477 2368 coptum
499 2292 596 2350 uictori
615 2310 677 2347 curn
690 2289 743 2366 qud
760 2300 839 2367 potes
856 2290 910 2344 ride

46 2406 51 2413 ·
89 2408 95 2443 .·
126 2373 252 2432 restituis
280 2375 288 2429 l
320 2369 451 2448 populum
477 2372 630 2431 Romanurn
653 2366 789 2444 appello,
828 2385 910 2446 quem

125 2454 151 2510 si
174 2450 329 2530 sponsionis
355 2452 392 2505 ud
411 2444 543 2506 Furculas
568 2445 808 2516 Caudinasfacte
824 2444 911 2526 paui-

126 2543 193 2602 tet‚
220 2533 353 2588 restituat
375 2527 500 2606 legiones
519 2525 592 2585 intra*
611 2527 741 2597 saltum,
769 2546 822 2607 quo
845 2547 911 2604 sep-

126 2623 164 2669 to
179 2617 306 2683 fuerunt.
329 2608 417 2666 Nemo
439 2628 605 2690 quemquam
627 2611 766 2688 deceperit
781 2627 793 2678 ,⁹
819 2608 910 2664 omnia

121 2709 175 2768 pro
191 2693 293 2754 infecto
306 2691 387 2756 sint,·
414 2692 550 2767 recipiant
571 2709 650 2747 arma
668 2733 677 2760 ,
706 2709 766 2771 qua
787 2708 837 2767 per
847 2707 913 2764 puc-

126 2771 228 2827 tionem
256 2769 434 2824 tradiderunt
458 2788 467 2835 ,¹
511 2773 626 2829 redeant
653 2772 680 2829 in
708 2779 800 2827 castra
827 2787 877 2824 sua
899 2789 909 2839 ,¹

126 2847 261 2927 quidquid
289 2842 378 2921 pridie*
404 2841 559 2906 debuerunt
579 2847 662 2927 quaint
690 2852 718 2906 in
743 2846 911 2926 colloquium

126 2938 171 2986 est
184 2935 317 2990 uentum,
344 2923 465 2981 babeant
478 2946 488 2979 .·
509 2939 566 2982 tum
585 2925 688 2984 bellurn
703 2925 827 2992 etfortia
846 2942 912 2980 con·

126 3006 192 3066 cilia
212 3005 346 3085 placeant
356 3023 367 3079 ,¹
395 2999 459 3059 tunc
479 3007 587 3080 sponsio
599 3016 638 3060 vet
657 3022 720 3078 pax
742 3003 911 3074 repudietur.

121 3086 172 3150 'Ed
191 3085 332 3161 fortund,
358 3083 392 3141 its
417 3079 509 3150 locis,
538 3101 599 3161 qua
618 3076 778 3155 anteponis
794 3081 913 3147 urentiu-

125 3154 387 3231 unicissimus,
414 3181 545 3238 geramus
566 3154 691 3216 beilum·
709 3154 766 3214 Nec
792 3154 912 3233 populus

128 3250 274 3307 Romanus
295 3240 438 3302 consulum
459 3243 655 3319 sponsionem,
683 3256 732 3295 nee
758 3256 808 3294 nos
822 3237 912 3310 fidem

159 3365 174 3412 7
187 3349 197 3411 (
205 3349 319 3404 Nouam
334 3344 507 3412 nocuerunt)
524 3341 637 3411 Culpam
649 3341 846 3394 commiserunt.
