2016 3780
276 158 552 239 Nitentem
587 165 634 237 V.
671 247 674 255 ,
805 191 847 262 ¹9

61 285 106 336 est
122 274 135 348 )
158 280 216 334 clm
236 276 392 353 proditioue
409 296 443 333 ac
456 275 575 354 perfidiri
591 275 736 334 sociorum.
752 271 847 346 Nam,

62 375 96 414 ne
119 377 165 414 voe
179 352 262 427 falsa
286 358 376 434 opinio
399 366 516 425 tenent,
534 356 638 434 injussu
654 376 716 414 meo
743 353 850 414 Albani

12 434 18 447 ’
47 433 169 494 ·ειιῢι’έτε
195 438 234 492 ad
255 447 361 496 montes
383 456 394 492 r
418 458 467 495 nec
484 437 629 518 imperium
647 433 721 495 illud
734 455 850 506 meum,

61 518 112 576 sed
130 513 296 588 consilium,
331 528 361 575 et
384 517 494 604 imperii
518 515 662 576 simulatio
687 519 750 586 fuit
761 536 774 588 ,⁰
795 524 848 590 ut,

59 617 109 655 uec
124 594 200 654 uobis
221 595 422 674 ignorantibus
437 600 529 656 deseri
549 619 618 667 uos,
641 600 815 656 averteretur
830 591 849 652 d

59 679 211 735 certamine
231 678 407 750 animae‚'et
429 675 554 736 lontibus
573 679 764 736 circumveniri
780 674 852 736 se'd

59 759 252 834 tergamus,
281 768 371 817 terror
392 778 425 816 ac
440 762 516 836 fuga
539 759 706 838 injiceretur.
734 756 795 816 Nec
813 776 849 815 ee

59 835 165 916 culpa,
194 838 279 917 qu'am
300 843 414 916 arguo,
437 841 558 897 omnium
584 837 756 897 Albanorum
779 849 847 897 est:

50 919 156 976 'uocem
178 920 267 976 secuti
283 930 350 976 sunt
363 939 376 988 ,·
402 929 433 976 ut
451 931 480 977 ec
498 938 570 987 uos,
591 919 615 976 si
634 919 688 999 qui
711 937 764 996 ego
785 920 850 976 inde

60 1019 77 1055 a
129 1019 163 1056 en
182 996 325 1057 declinere
352 996 518 1068 voluissem,
536 1000 695 1068 'fecissetis
727 998 850 1056 Mettius
952 1068 956 1080 ι

4 1132 8 1139 .
61 1075 85 1134 il
98 1089 168 1136 cest
181 1081 280 1136 ductor
296 1080 405 1136 itineris
425 1077 519 1153 liujus,
537 1077 662 1141 Mettius
679 1081 753 1137 idem
771 1077 854 1153 lm'ue

61 1156 237 1221 machinator
258 1156 345 1228 betti,
371 1157 492 1216 Mettius
495 1161 613 1230 sederis
627 1159 748 1217 Romani
760 1099 853 1216 Atina

62 1238 144 1317 nique
162 1249 267 1317 ruptor.
286 1237 398 1297 Audeat
421 1241 522 1296 deinde
543 1237 620 1297 talio·
634 1237 729 1307 alius,
751 1239 806 1297 nisi
822 1239 852 1296 in

62 1316 133 1376 lunc
145 1318 257 1399 insigne
266 1320 325 1398 jam
339 1322 531 1377 documentum
544 1317 857 1379 mortalibus·tledero.·
888 1357 906 1367 -
940 1342 942 1347 ·

102 1418 171 1482 Vll.
194 1419 392 1479 Centuriones
408 1418 512 1479 armati
524 1420 662 1482 Mettium
678 1408 859 1482 circumis-³

64 1508 148 1572 tunt;
171 1516 224 1557 rex
239 1507 363 1570 cetere,
383 1511 415 1554 ut
430 1516 512 1556 orsus
527 1510 607 1572 erat,
623 1501 750 1580 peragit.
773 1500 859 1580 Quod¹

10 1624 12 1629 ·
64 1580 183 1651 bonum,
202 1580 359 1650 faustum,
380 1577 515 1659 felixque
532 1580 572 1637 sit
583 1578 688 1661 populo
708 1581 854 1652 Romano,

63 1684 98 1723 ac
119 1661 189 1721 milri
204 1657 333 1741 vobisque
348 1656 475 1731 Albani,
491 1658 624 1742 populum
644 1680 752 1722 omnem
768 1659 858 1730 Albnq

64 1762 131 1802 num
150 1743 268 1801 Romam
292 1744 438 1816 traducere
460 1743 488 1801 in
511 1743 604 1801 animo
624 1753 688 1814 eet;
710 1742 859 1801 civitatem'

62 1827 132 1884 ctare
150 1820 255 1903 plebi;
281 1824 420 1903 primores
443 1824 470 1879 in
495 1835 593 1901 putres
621 1820 717 1903 legere
730 1843 740 1892 ,¹
768 1842 854 1880 unane

62 1903 179 1975 urbem,
203 1924 287 1962 unam
311 1901 512 1981 rempublicam
530 1907 654 1976 facere;
686 1913 717 1962 ut
738 1923 779 1961 ex
799 1923 853 1961 uno

62 1988 201 2064 quondam
222 1985 250 2041 in
269 1985 338 2041 duos
350 1980 468 2060 populos
481 1976 570 2042 otitsa
588 1980 704 2041 Albana
727 2003 771 2043 res
788 1993 853 2055 est,

64 2067 106 2122 sic
122 2085 192 2121 nunc
209 2062 237 2120 in
253 2083 336 2119 unum
359 2065 464 2120 redeat.

106 2151 192 2218 Vlll.
216 2150 262 2210 Ad
283 2149 350 2210 haec
372 2150 484 2209 Albane
506 2149 599 2228 pubes
620 2149 742 2210 inermis
758 2150 796 2211 ab
808 2171 855 2210 er·

64 2233 153 2295 matis
169 2241 273 2312 septa,
292 2229 324 2289 in
347 2229 437 2290 variis
461 2227 678 2303 uoluntatibus,
705 2233 856 2292 communi

65 2326 163 2375 tamen
194 2322 275 2371 metu
299 2321 448 2388 cogente,
475 2309 630 2370 silentium
658 2320 746 2371 tenet.
775 2310 855 2374 Tum

66 2393 173 2457 Tullus
196 2413 203 2451 τ
233 2393 323 2454 Metti
345 2390 448 2467 Fuffeti
457 2434 466 2463 ‚
485 2390 585 2470 inquit
598 2435 607 2463 ‚
622 2393 660 2475 'si'
673 2395 732 2472 ipse
748 2396 856 2454 discere

65 2497 163 2558 posses
171 2476 260 2550 fidem
276 2496 308 2533 ac
318 2477 428 2546 fudero
447 2493 581 2543 servare,
611 2475 669 2531 vivo
681 2476 733 2532 tibi
745 2495 777 2532 eu
795 2479 855 2535 dio-

68 2555 173 2634 ciplina
189 2553 206 2611 d
221 2551 402 2614 meautittra
416 2563 490 2612 esset
499 2575 511 2626 ;
536 2573 608 2620 nunc
624 2557 753 2633 quoniam
775 2562 862 2615 tuum'

70 2635 226 2695 insanabile
236 2637 378 2713 ingenium
389 2645 454 2706 est,
477 2644 511 2692 at
526 2643 555 2690 tu
572 2644 619 2692 tuo
634 2634 772 2714 supplicio
787 2639 856 2696 door

68 2716 218 2786 hamanum
245 2735 334 2793 genus
356 2734 388 2771 ea
416 2724 512 2774 sancta
537 2716 649 2773 credere
668 2759 677 2785 ,
699 2737 760 2795 que
785 2715 802 2773 α’
826 2727 854 2776 te

53 2794 173 2855 uiolata
191 2805 266 2854 sunt.
294 2797 333 2854 Ut
351 2797 441 2873 igitur
456 2792 540 2874 pauli
562 2791 627 2854 anti
642 2798 764 2854 animum
782 2797 856 2855 inter

68 2873 231 2935 fidenatem
250 2876 458 2954 Romanamque
481 2896 537 2935 rem
556 2876 705 2954 ancipitem
720 2877 855 3016 gessisti,

69 2958 111 3016 ita
125 2958 188 3034 sirm
208 2977 306 3036 corpus
320 2958 426 3036 passim
449 2954 663 3015 distrahendum
682 2954 717 3014 do
736 2958 771 3016 is.

109 3047 165 3112 lx.
187 3047 306 3109 Exinde
327 3047 376 3126 (t)
398 3045 509 3108 duabus
532 3046 657 3106 admotis
679 3045 856 3127 quadrigis,

99 3189 446 3270 SlDuobus..Jquurlrigis)
479 3195 594 3264 intelligi
614 3211 740 3262 appetet,
769 3215 802 3248 ex
823 3215 865 3248 oo¹

101 3266 449 3345 peterniehincindeequis.‚
481 3265 551 3333 quod
567 3265 700 3333 sequitur,
718 3263 864 3321 incurrere·

112 3347 249 3404 ceques,
279 3349 337 3390 non
357 3348 447 3420 curtus
480 3348 585 3387 earum·
660 3370 663 3378 =
