2016 3780
207 187 484 263 Nannnrro
532 192 705 263 XXlX.
784 196 848 262 153

65 296 189 358 Romani
216 297 348 357 demisso
370 300 512 374 agmine,
545 299 613 356 clun
639 296 674 356 ad
700 295 773 355 alias
797 315 851 355 an·

64 380 179 456 gustias
197 380 334 458 protinus
350 390 529 458 pergerent,
557 389 654 458 septas
671 375 785 453 dejectu
804 395 851 434 ar·

64 457 200 530 borum,
238 477 437 538 saxorumque·
465 459 632 537 ingentium
664 457 851 536 objacentem

64 537 176 597 molem
198 538 346 597 invenere.
825 546 847 563 ’“

106 617 171 681 Vll.
197 617 274 679 com
291 617 369 679 fraus
389 617 508 679 hostilis
529 617 732 700 apparuisset,
748 616 849 696 praesi·
894 619 969 681 Cart?

64 698 149 759 diurn
167 698 255 758 etiam
273 699 306 757 in
320 718 436 759 summo
450 700 524 759 saltu
544 700 736 780 conspicitur.
756 698 849 761 Citati
856 678 971 789 'temo-

63 779 134 839 lnde
159 780 263 852 retro,
287 779 345 857 qul
363 793 531 852 venerant,
558 790 687 860 pergunt
712 790 848 863 repetere
861 799 937 850 mem.

62 863 150 919 viam.
173 861 245 920 Eam
267 878 385 937 quoque
407 860 539 921 clausam
557 862 610 921 sual
625 860 733 932 obice,
747 860 850 920 arrnisss

63 940 121 1020 que
142 941 305 1000 inveniunt.
325 941 439 1000 Sistunt
458 940 529 1000 inde
549 941 670 1020 gradum
682 942 745 999 siml
758 941 852 1001 ullius

62 1011 214 1100 imperis,
230 1031 393 1100 stuporque
404 1025 538 1081 omnium
556 1023 693 1092 animos,
713 1041 747 1080 ac
769 1021 850 1082 velut

62 1110 168 1181 torpor
183 1100 302 1178 quidam
319 1101 454 1160 insolitus
466 1104 598 1162 membra
612 1110 692 1159 tenet
706 1121 713 1160 :
732 1101 851 1161 intuen-

63 1192 167 1258 tesque
190 1182 242 1240 alii
262 1179 338 1240 alios
356 1182 448 1260 (cbm
468 1181 592 1241 alterum
615 1181 739 1260 quisque
755 1180 850 1259 nr'agis

62 1261 172 1321 mentis
200 1273 370 1340 compotem
392 1283 427 1323 ac
455 1263 576 1323 consilii
604 1261 770 1339 ducerent)
796 1262 850 1324 diu

62 1340 232 1402 immobiles
247 1342 348 1403 silent.

102 1421 186 1486 Vlll.
207 1420 348 1494 Deinde,
369 1422 420 1480 ubi
441 1423 576 1502 pretoria
598 1420 751 1483 consulum
769 1423 848 1501 erigi

62 1501 190 1572 nidere,
227 1510 256 1558 et
282 1500 424 1580 expedire
450 1501 590 1579 quosdam
621 1502 707 1561 utilia
735 1506 848 1582 operi,

61 1600 227 1661 quanquam
246 1579 377 1640 ludibrio
395 1580 459 1639 fore
477 1583 643 1640 munientes
659 1581 784 1662 perditis
800 1603 849 1642 re-

61 1661 116 1722 bus
134 1681 169 1723 ac
188 1678 242 1742 spe
266 1661 345 1720 omni
366 1661 501 1741 adempti
524 1661 704 1732 cernebant3
725 1672 847 1736 tamen,

62 1744 100 1802 ne
126 1742 245 1823 culpam
266 1740 353 1802 malis
378 1742 537 1814 adderent,
562 1760 617 1823 pro
644 1762 676 1802 se
700 1744 847 1824 quisque,

61 1842 117 1882 nec
138 1823 270 1883 hortante
291 1823 354 1883 ullo
372 1843 426 1885 nec
449 1823 636 1904 imperante,
657 1820 693 1884 ad
715 1818 848 1883 munien-

61 1904 134 1983 stum,
148 1905 244 1977 versi,
260 1915 361 1966 castra
374 1906 496 1985 propter
512 1920 615 1983 aquam
629 1903 707 1964 sallo
720 1904 845 1989 circum-

62 1984 133 2042 dant
157 2004 165 2042 t
194 2002 246 2043 sua
277 1984 337 2065 i'psi
368 2003 482 2064 opera,
508 1983 696 2063 laboremque
725 1984 845 2061 lrritum

63 2057 289 2140 (praeterquam
315 2062 395 2141 qubd¹
419 2064 519 2122 hostes
546 2065 673 2143 superbe
708 2063 846 2143 increpa-

64 2141 156 2214 bant)
171 2156 237 2201 cum
248 2141 415 2200 miserabili
426 2140 611 2201 confessione
623 2138 783 2202 eludentes.
801 2140 848 2202 nt
862 2164 869 2195 r

62 2218 201 2280 eonsules
228 2232 373 2293 moestos,
406 2222 443 2278 ne
473 2220 646 2279 advocantes
671 2220 789 2298 quidem
816 2218 848 2286 iri

61 2299 243 2373 eonsilium,
265 2299 404 2379 (quando
421 2319 474 2360 nec
491 2300 642 2373 consilio,
663 2319 716 2360 nec
730 2292 848 2362 auxilio

60 2382 145 2440 locus
161 2383 262 2457 esset)
282 2381 335 2440 sul
355 2392 460 2462 sponte
482 2381 572 2458 legati
589 2392 622 2439 a'c
642 2380 752 2440 tribuni
775 2394 846 2443 son-

60 2462 202 2521 rarriunt:
223 2460 393 2540 militesque
405 2462 435 2520 in
469 2461 616 2522 raeturium
631 2464 726 2534 versi,
738 2478 844 2544 opem,

61 2560 154 2617 quarn
176 2542 226 2599 vix
246 2540 288 2599 dii
312 2543 431 2607 immort
461 2561 492 2602 es
516 2541 593 2601 ferre
620 2554 774 2624 poterant,
808 2544 846 2605 ab

61 2620 189 2683 ducibus
206 2626 375 2701 exposcunt.
426 2644 428 2648 ⁴
474 2630 478 2637 ’

104 2700 157 2763 lX.
180 2700 346 2779 Querentes
366 2704 461 2781 magis
474 2701 561 2783 qubm
575 2704 770 2765 consultantes
784 2722 843 2767 nox
889 2725 975 2777 consi.

61 2784 233 2861 oppressit,
249 2781 316 2842 crim
332 2802 387 2863 pro
399 2783 656 2864 ingenioquisque
668 2785 842 2859 fremerent,
856 2787 913 2856 tium
930 2805 976 2835 ex-

61 2861 138 2921 alius
152 2884 204 2943 par
218 2863 310 2923 obices
326 2867 454 2947 viarum,
481 2863 553 2925 alius
568 2886 619 2945 per
640 2872 755 2927 adversa
769 2890 844 2928 mun·
855 2850 976 2953 {25:³29

61 2945 131 3002 tium
142 2985 151 3011 ,
161 2965 211 3021 per
220 2943 327 3017 sylvus,
339 2946 393 3026 quel
399 2949 474 3017 ferri
485 2968 565 3007 anun
578 2961 724 3027 poterunt,
737 2971 842 3008 eamus.
858 2923 931 3015 strar.P

61 3023 149 3082 Modo
164 3028 202 3082 orl
216 3024 322 3084 hostem
338 3030 479 3106 pervenire
496 3027 602 3101 liceat,
619 3052 699 3110 quern
716 3038 766 3108 per
782 3030 846 3107 (5)

62 3148 106 3200 tub
116 3152 287 3217 respondent.
299 3151 367 3204 Cltrn
380 3154 436 3207 Ro·
502 3155 635 3221 5(Annos
641 3155 787 3226 jnmprope
798 3156 847 3208 tri·

61 3218 135 3269 mani
152 3236 196 3284 per
209 3218 316 3270 alteram
333 3222 437 3271 exdua-
491 3223 847 3289 inralrlnnuslricalrinitiq

61 3282 171 3337 busillis
182 3287 437 3356 viisdemissoagmi·
469 3237 612 3340 §amulrici
627 3290 688 3340 belli
702 3289 846 3360 vigesimus

61 3350 266 3418 ae,adalteram
276 3362 422 3424 pergerent.
471 3355 602 3408 secundus
615 3357 705 3424 agitur.

653 3422 724 3485 Gb
