2016 3780
58 13 418 41 W÷—=--

156 240 225 329 'rpo
395 235 519 306 'l'1r1
565 233 704 306 L1v11

148 348 293 415 facerent.
320 339 360 416 (6
367 342 380 417 )
402 341 454 401 Ex
469 340 638 413 insolentiri,
662 337 762 421 quibus
783 360 852 399 nona
874 335 951 400 bana

150 426 271 492 fortuna
287 424 346 493 sit,
373 423 539 502 impotentes
555 421 661 482 latisin
677 423 808 479 insanire.
836 420 948 500 Popula

158 503 284 562 Romano
295 501 399 562 usitati
412 545 420 574 ,
434 523 466 560 ac
476 498 629 600 prope’p'am
641 497 764 559 obsoleti
778 521 821 579 ex
830 498 948 559 victorii

158 586 264 663 gandia
282 603 364 652 esse,
379 603 413 640 ac
429 581 493 660 plus
506 602 576 661 pene
590 583 728 662 parcenda
741 583 841 652 uictis,
862 579 949 662 quim

158 665 289 721 vincendo
305 664 451 742 imperium
463 664 590 727 auxisse.
884 707 890 713 .

200 750 254 814 IX.
272 751 447 815 Ceterorum
461 755 519 830 (7)
538 749 735 812 miserabilior
754 747 851 809 oratio
866 745 948 821 tuit,

160 838 473 905 commemorantium,
485 833 536 893 Ex
546 836 658 914 quantis
666 831 763 908 opibus
771 831 824 912 qui
836 830 951 888 recidis·

159 925 223 972 sent
241 911 515 993 Carthaginiensium
534 935 587 972 res.
609 911 689 972 Nilrii
708 913 749 971 eis
766 954 775 984 ‚
794 911 841 991 qui
867 909 950 967 marli

160 990 254 1052 arlrem
270 993 356 1073 prope
371 1006 508 1053 terrerum
522 991 805 1064 obtinuissentarmis
820 1033 829 1063 ‚
847 1009 950 1068 super-

161 1093 238 1142 esse,
252 1086 357 1152 preter
367 1073 551 1152 Carthaginis
562 1075 671 1133 menia.
685 1071 724 1132 lis
734 1071 877 1138 inclusas,
896 1089 951 1126 nan

160 1152 237 1213 terni
247 1196 256 1225 ,
268 1177 319 1213 nan
329 1157 401 1214 mori
414 1155 560 1234 quiequam
573 1156 696 1232 suijuris
711 1172 831 1212 cernere.
845 1146 951 1208 Urbem

161 1255 269 1315 qnoque
282 1238 373 1314 ipsam
388 1257 421 1294 ac
433 1246 551 1314 penates
563 1234 603 1294 itri
616 1232 783 1305 habituras,
807 1231 834 1289 si
847 1251 902 1287 non
921 1230 952 1287 in

162 1314 194 1372 eri
207 1336 334 1396 auoque,
374 1335 408 1373 ua
427 1314 498 1373 nilril
515 1313 633 1374 ulterius
649 1315 707 1385 sit,
723 1313 818 1374 sarire
828 1307 952 1388 papulus

162 1335 397 1454 Ramannsreiit.
417 1394 493 1455 cnm
518 1391 598 1454 flecti
621 1390 825 1453 misericordis
847 1389 951 1448 Patres

162 1483 340 1553 appareret,
364 1484 532 1532 senatorum
553 1494 643 1535 unum
660 1472 798 1534 infestum
816 1465 952 1551 perfidiae

163 1552 453 1632 Carthaginiensium
467 1554 662 1616 succlamisse
678 1554 796 1626 ierunt,
815 1571 869 1631 per
883 1569 953 1631 qnos

160 1638 229 1695 deos
244 1636 336 1706 fadus
354 1637 438 1696 icturi
451 1647 564 1709 essent,
582 1640 639 1696 ciam
656 1659 720 1707 eas,
736 1655 788 1716 per
802 1651 872 1712 quos
885 1625 951 1721 (111ζέ

163 1717 249 1774 ictum
278 1727 370 1790 esset,
391 1715 596 1795 fefellissent?
622 1716 678 1776 Per
699 1719 829 1782 eaarlem,
854 1708 952 1788 inquil

163 1793 323 1866 Asdrubal,
339 1800 387 1875 qui
400 1808 458 1856 tam
471 1799 567 1868 infesti
578 1809 644 1857 sunt
651 1801 761 1866 federa
771 1790 950 1852 violantibus.

58 1883 152 1935 Ptetts-
203 1873 241 1934 X.
271 1874 423 1937 Inclinatis
452 1878 587 1935 omnium
618 1875 652 1935 ad
681 1895 787 1956 pacem
814 1869 951 1942 animis,

58 2019 99 2054 tcta

59 1958 105 1989 ‘¹¹⁸²
123 1949 151 1992 ³⁶
164 1953 219 2014 Cn.
235 1953 377 2011 Lentulus
387 1953 510 2027 consul,
525 1954 573 2015 cui
587 1955 688 2015 classis
702 1952 856 2035 provincie
869 1959 952 2023 erat,

163 2031 420 2095 senatusconsulto
433 2034 611 2097 intercessit.
628 2037 706 2098 Tum
718 2036 800 2095 Man.
815 2030 952 2104 Acilius,

163 2125 193 2173 et
209 2115 246 2193 Q.
265 2114 414 2178 Minucius
426 2116 536 2177 tribuni
549 2117 644 2198 plebis
659 2112 856 2198 adpoputum
876 2110 954 2170 tule-

106 2267 114 2279 .
162 2206 252 2266 runt,
272 2194 400 2267 Vellent,
418 2197 582 2274 iuberentne
599 2213 725 2259 senatum
742 2198 906 2264 decernere,
921 2202 955 2251 ut

163 2297 225 2336 cum
244 2273 523 2354 Carthaginiensibus
539 2298 603 2356 pax
610 2279 698 2350 fieret
741 2288 776 2336 et
792 2295 873 2356 quem
888 2288 954 2332 eant

160 2376 260 2438 pacem
277 2359 361 2429 dare,
378 2360 513 2438 quemque
529 2378 570 2416 ex
582 2357 679 2425 Africi
696 2359 841 2416 exercitus
854 2358 956 2431 depor-

163 2449 226 2497 tare
238 2435 374 2514 juberent.
406 2436 454 2493 De
473 2455 570 2516 pace,
592 2436 636 2495 uti
652 2437 826 2515 rogassent,
848 2450 954 2493 omines

158 2514 258 2575 ‘tribus
283 2517 430 2595 jusserunt
447 2535 454 2573 t
472 2535 576 2596 pacem
600 2515 670 2576 dare
696 2518 728 2578 P.
749 2514 953 2595 Scipionem,

164 2594 300 2656 eumdem
317 2594 465 2655 exercitus
478 2594 647 2677 deportare.
664 2597 709 2658 Ex
725 2595 780 2658 hec
796 2594 954 2672 rogatione

164 2672 462 2749 senatusdecrevit,
480 2690 512 2736 ut
530 2677 560 2741 P.
577 2677 684 2760 Scipio
698 2699 736 2738 ex
752 2677 856 2739 decem
872 2676 955 2753 lega·

165 2766 261 2815 torum
282 2757 428 2817 sententia
445 2777 550 2838 pacem
572 2777 639 2819 cnm
661 2757 772 2840 populo
792 2755 954 2835 Carthagi·

163 2836 284 2911 niensi,
303 2838 410 2914 quibus
426 2838 541 2916 legibus
557 2839 586 2898 ei
602 2839 774 2913 videretur,
790 2837 910 2898 iaceret.

204 2916 264 2979 Xl.
289 2915 411 2983 Gratias
429 2917 537 2980 deinde
562 2921 699 2988 Patribus
720 2918 808 2998 egere
823 2915 954 2980 Cartha-

164 2998 334 3079 ginienses,
353 3000 585 3081 petieruntque,
606 3009 638 3061 ut
655 3001 714 3062 sibi
735 3003 767 3060 in
784 2999 886 3060 urbem
903 2996 953 3057 in·

197 3125 474 3194 erminonem)
488 3126 542 3178 nos
576 3126 763 3179 eamtaessam
776 3114 952 3181 seraranan

58 3188 80 3243 '·.·
167 3196 261 3264 quibus
272 3210 342 3244 nova
354 3194 424 3245 bona
437 3191 543 3245 fortuna
576 3192 672 3246 efferri.

85 3260 89 3267 '
167 3263 224 3319 nit,
249 3261 310 3329 quia
331 3261 357 3311 id
376 3260 431 3312 illle
449 3273 543 3327 preater
593 3277 624 3340 Ι7
641 3260 953 3328 (Miserabiliorma-

167 3329 276 3380 solitum
287 3327 410 3394 accidat,
427 3345 485 3380 non
499 3343 543 3380 ca·
575 3344 615 3399 gis
635 3329 835 3382 accommodata
849 3331 881 3382 ad
895 3347 955 3388 ma.

58 3388 73 3397 Ι.
163 3397 272 3479 [lew.
297 3394 387 3475 “illm
416 3393 542 3481 mildi:
575 3398 690 3460 tendum
700 3395 905 3456 miserationem.

94 3486 183 3582 k
