2016 3780
150 204 430 282 Nunnium
478 201 693 283 XLVIII.
779 217 842 288 130

61 309 143 378 Nihil
161 316 237 376 ultra
247 316 337 388 facili
365 319 498 376 creditam
524 331 640 378 mortem
663 320 842 379 meamiiuo-

64 396 107 455 luis
125 395 243 456 uiolatus
259 400 320 456 sim.
345 397 440 474 Quidl
461 399 487 456 si
504 420 556 476 ego
576 417 714 469 morerer,
733 421 839 458 mecum

62 478 242 555 exspiratura
254 475 427 556 respublica,
440 496 545 536 mecum
555 493 681 537 casurum
696 483 841 556 imperium

57 555 158 636 populi
175 557 293 615 Romani
324 557 404 616 erat!
421 554 465 616 Ne
489 561 561 616 istuc
580 559 690 636 Jupiter
711 558 843 638 Optimus

62 635 215 695 Maximus
231 641 310 705 sirit,
332 635 427 695 urbem
444 640 588 717 auspicato
610 642 666 698 diis
683 638 843 697 auctoribus

62 717 90 772 in
112 727 243 775 aternum
256 720 396 791 conditam
410 760 417 786 ‚
423 718 529 796 fragili
542 717 603 778 tuta
619 731 648 777 et
660 719 774 777 mortali
784 739 843 777 cor·

33 863 37 870 ³
60 800 124 873 pori
147 797 283 876 aqualem
297 794 541 869 esseiflamiuio‚
559 796 668 869 Paulo,
696 795 841 870 Graccho,

61 876 208 935 Postumio
226 875 395 948 Albinam.
410 879 569 951 Marcello,
586 878 617 937 Τ.
634 879 749 957 Quintio
762 877 843 937 Cris·

58 955 124 1033 piao
138 1002 143 1021 ,
162 951 214 1015 Cn.
228 955 323 1016 Fuluio
340 998 349 1027 ‚
363 953 614 1035 Scipionibusmeis
627 1001 635 1029 ‚
647 970 689 1017 tot
700 970 758 1016 tam
765 980 841 1038 pree-
880 1001 887 1013 .

60 1033 146 1092 claris
155 1035 367 1114 imperatoribus
376 1057 429 1094 uuo
442 1034 686 1116 belloalrsumptis‚
700 1051 842 1117 superstes

60 1126 104 1174 est
111 1114 230 1193 populas
242 1117 394 1186 Romanus,
404 1117 522 1194 eritque,
538 1117 618 1174 mille
629 1117 695 1175 aliis
703 1124 840 1188 uuacfer-

61 1214 91 1252 ra
106 1236 115 1264 ‚
132 1216 203 1252 uuae
214 1198 306 1254 morbo
314 1194 645 1272 morientibus.(22)Meo
659 1200 844 1266 uuiusfuuere

60 1272 138 1331 elata
160 1273 257 1353 pauli
282 1277 402 1334 Romani
428 1288 502 1334 esset
522 1275 698 1355 respublical
720 1276 776 1335 Vos
787 1279 846 1354 ipsi

61 1352 107 1412 hta
134 1356 163 1411 iu
185 1295 323 1434 lllspauiii
338 1397 346 1424 ‚
363 1365 446 1432 patre
467 1367 495 1413 et
509 1367 609 1435 patruo
637 1378 718 1428 meo,
736 1355 842 1414 duobus

61 1435 239 1511 cimperatori
259 1433 308 1492 bus
334 1435 509 1503 interfectis,
530 1433 684 1514 Septimum
698 1435 842 1495 Marcium

61 1517 158 1573 ducem
173 1517 247 1573 uobis
269 1516 399 1592 aduersis
411 1511 592 1575 exsultantes
608 1519 712 1576 receati
727 1514 843 1577 uictoria

61 1594 163 1653 Parios
178 1593 339 1673 delegistis.

65 1723 69 1729 .
100 1673 187 1737 XIX.
205 1674 246 1735 Et
258 1677 299 1734 sic
320 1672 439 1754 loquor,
455 1686 505 1735 tau
526 1695 591 1735 uam
608 1677 668 1736 sirie
688 1679 757 1735 duce
779 1674 846 1735 Ha.

56 1756 149 1838 paula
163 1758 272 1827 futura
285 1757 404 1826 fuerint.
428 1754 476 1815 M.
500 1695 637 1828 Ilionae,
658 1759 753 1816 eodem
762 1757 840 1834 jure,

54 1840 153 1894 eodem
178 1837 294 1913 Imperio
309 1837 416 1892 mecum
444 1837 472 1892 ia
485 1839 656 1914 proviaciam
670 1837 790 1906 missua,
806 1835 842 1900 L.

60 1913 153 1991 Scipio
164 1919 263 1983 frater
287 1933 381 1984 meus,
399 1910 433 1972 C.
450 1912 575 1986 Latius,
590 1909 681 1995 legati
695 1959 704 1988 ‚
719 1917 849 1977 uindices-

57 1994 217 2070 map'estatis
254 1995 364 2071 imperii
398 1995 548 2052 deesseutl
579 1995 676 2053 Utrum
698 2003 842 2059 exercitus

56 2073 200 2132 exercitui
209 2115 218 2142 ‚
226 2093 262 2138 an
274 2077 357 2130 duces
365 2069 481 2130 ducibus
492 2093 548 2143 ,au
555 2073 684 2152 dignitas
696 2095 749 2143 ,an
757 2096 843 2135 causa
896 2136 901 2143 ,

58 2154 217 2229 coamatori
227 2154 360 2229 poteratl
379 2149 485 2228 Quibus
509 2153 535 2208 si
549 2150 675 2212 omuibus
687 2159 845 2231 superiores,

58 2233 158 2294 essetis
183 2245 194 2303 ¹,
220 2252 301 2288 arma
338 2251 400 2290 aum
435 2231 528 2289 Panis
553 2243 649 2290 contra
689 2235 842 2313 patriam,

58 2325 155 2374 contra
177 2315 248 2372 ciues
272 2321 378 2374 uestros
403 2315 543 2383 ferretisi
561 2313 688 2384 Africam
722 2310 842 2386 ltalia,

60 2393 263 2473 Carthaginem
304 2391 366 2452 urbi
399 2393 495 2452 Romae
525 2395 663 2474 imperare
697 2392 840 2468 velletis,

61 2474 154 2552 Quam
170 2473 320 2534 obuoxam
334 2475 460 2551 patriai

98 2551 169 2612 XX.
187 2551 365 2612 Coriolanum
391 2557 529 2632 quondam
557 2556 700 2613 damuatio
713 2555 842 2634 injusta,

57 2635 188 2693 miserum
205 2645 233 2690 et
244 2634 388 2709 iudignum
400 2632 553 2703 exsilium,
569 2644 601 2691 ut
617 2635 673 2691 iret
684 2637 722 2692 ad
730 2655 843 2716 oppug-

55 2715 178 2772 nandam
212 2714 364 2792 patriam,
387 2712 526 2791 impulit:
550 2716 687 2772 reuocauit
711 2716 847 2779 tamena.

54 2792 165 2874 publico
183 2795 334 2873 parricidia
351 2795 463 2869 privata
483 2795 585 2872 pietas.
603 2792 659 2853 Vos
671 2795 719 2874 qui
739 2794 844 2871 dolor,

56 2896 120 2957 qua,
140 2876 184 2933 ira
211 2875 357 2934 inritauit?
383 2871 599 2954 Stipendiumae
622 2873 718 2934 diebus
744 2876 843 2956 paucis

56 3033 131 3094 sim,
155 3032 234 3098 quim
260 3030 328 3100 quod
355 3031 432 3084 facile
465 3031 844 3101 ScipiodixeratMenaoioo.

56 3113 168 3151 mortem
192 3116 278 3150 meam
306 3100 433 3153 credidis·
498 3102 634 3165 milles
650 3096 842 3167 uniussunere

54 3170 174 3224 tis3nec
196 3165 365 3217 deliberatum
388 3167 432 3217 ha·
465 3166 538 3216 elazta
559 3167 569 3243 )
594 3167 701 3214 Mecum
729 3164 843 3229 sepulta.
888 3166 904 3195 ·’

53 3235 161 3288 buaritis
176 3249 246 3283 arma
260 3231 431 3284 adversiusme
464 3229 563 3303 Effare
586 3243 626 3280 est
645 3231 752 3280 verbum
782 3245 845 3292 pro-

54 3303 238 3368 imperutorem
255 3313 368 3352 vestrum
382 3298 432 3349 fur·
465 3300 551 3362 prium
561 3299 593 3348 de
601 3297 743 3348 funeribus.
753 3298 843 3364 Effer-

54 3356 90 3420 ῐέ.
117 3369 181 3420 Haec
212 3366 284 3418 velut
312 3367 431 3435 quaedam
465 3362 627 3429 tumimus,
650 3363 721 3433 apud
741 3361 845 3417 'semin

54 3438 182 3490 eorrectio
201 3449 240 3488 est
246 3469 255 3501 ,
273 3435 335 3504 quia
352 3432 431 3502 supra
464 3431 575 3485 Andria.
