<?xml version="1.0" encoding="UTF-8"?>
<!DOCTYPE html PUBLIC "-//W3C//DTD XHTML 1.0 Transitional//EN"
    "http://www.w3.org/TR/xhtml1/DTD/xhtml1-transitional.dtd">
<html xmlns="http://www.w3.org/1999/xhtml" xml:lang="en" lang="en">
 <head>
  <title>
</title>
<meta http-equiv="Content-Type" content="text/html;charset=utf-8" />
  <meta name='ocr-system' content='tesseract 3.04.00' />
  <meta name='ocr-capabilities' content='ocr_page ocr_carea ocr_par ocr_line ocrx_word'/>
</head>
<body>
  <div class='ocr_page' id='page_1' title='image "./selectaetitoliv00livygoog_0417.png"; bbox 0 0 2016 3780; ppageno 0'>
   <div class='ocr_carea' id='block_1_1' title="bbox 160 222 713 301">
    <p class='ocr_par' dir='ltr' id='par_1_1' title="bbox 160 222 713 301">
     <span class='ocr_line' id='line_1_1' title="bbox 160 222 713 301; baseline 0 -2"><span class='ocrx_word' id='word_1_1' title='bbox 160 232 225 301; x_wconf 85' lang='lat' dir='ltr'>t86</span> <span class='ocrx_word' id='word_1_2' title='bbox 386 223 514 299; x_wconf 80' lang='lat' dir='ltr'>T1r1</span> <span class='ocrx_word' id='word_1_3' title='bbox 560 222 713 300; x_wconf 84' lang='lat' dir='ltr'>Lrvti</span> 
     </span>
    </p>
   </div>
   <div class='ocr_carea' id='block_1_2' title="bbox 156 327 952 655">
    <p class='ocr_par' dir='ltr' id='par_1_2' title="bbox 156 327 952 655">
     <span class='ocr_line' id='line_1_2' title="bbox 156 327 952 471; baseline 0.003 -79"><span class='ocrx_word' id='word_1_4' title='bbox 156 344 187 392; x_wconf 84' lang='lat' dir='ltr'>et</span> <span class='ocrx_word' id='word_1_5' title='bbox 199 333 232 389; x_wconf 91' lang='lat' dir='ltr'>in</span> <span class='ocrx_word' id='word_1_6' title='bbox 241 327 356 471; x_wconf 51' lang='grc' dir='ltr'>ἓτείἰο,</span> <span class='ocrx_word' id='word_1_7' title='bbox 368 343 397 391; x_wconf 90' lang='lat' dir='ltr'>et</span> <span class='ocrx_word' id='word_1_8' title='bbox 405 332 476 402; x_wconf 67' lang='lat' dir='ltr'>anti</span> <span class='ocrx_word' id='word_1_9' title='bbox 485 331 592 406; x_wconf 83' lang='lat' dir='ltr'>aciem,</span> <span class='ocrx_word' id='word_1_10' title='bbox 604 327 778 414; x_wconf 73' lang='lat' dir='ltr'>priusqudm</span> <span class='ocrx_word' id='word_1_11' title='bbox 787 332 952 396; x_wconf 74' lang='lat' dir='ltr'>excederet</span> 
     </span>
     <span class='ocr_line' id='line_1_3' title="bbox 156 406 951 494; baseline 0.001 -22"><span class='ocrx_word' id='word_1_12' title='bbox 156 431 237 494; x_wconf 86' lang='lat' dir='ltr'><strong>pugn</strong></span> <span class='ocrx_word' id='word_1_13' title='bbox 264 423 420 493; x_wconf 84' lang='lat' dir='ltr'>‚expertus</span> <span class='ocrx_word' id='word_1_14' title='bbox 430 439 439 486; x_wconf 80' lang='lat'>3</span> <span class='ocrx_word' id='word_1_15' title='bbox 451 412 673 473; x_wconf 81' lang='lat' dir='ltr'>etconfessione</span> <span class='ocrx_word' id='word_1_16' title='bbox 685 413 776 472; x_wconf 87' lang='lat' dir='ltr'>etiam</span> <span class='ocrx_word' id='word_1_17' title='bbox 784 406 951 493; x_wconf 79' lang='lat' dir='ltr'>Scipionis,</span> 
     </span>
     <span class='ocr_line' id='line_1_4' title="bbox 156 491 952 573; baseline 0.003 -21"><span class='ocrx_word' id='word_1_18' title='bbox 156 492 349 572; x_wconf 83' lang='lat' dir='ltr'>omniumque</span> <span class='ocrx_word' id='word_1_19' title='bbox 370 495 535 573; x_wconf 85' lang='lat' dir='ltr'>peritorum</span> <span class='ocrx_word' id='word_1_20' title='bbox 556 492 701 567; x_wconf 85' lang='lat' dir='ltr'>militiae,</span> <span class='ocrx_word' id='word_1_21' title='bbox 727 491 812 553; x_wconf 88' lang='lat' dir='ltr'>illam</span> <span class='ocrx_word' id='word_1_22' title='bbox 828 494 952 554; x_wconf 85' lang='lat' dir='ltr'>laudem</span> 
     </span>
     <span class='ocr_line' id='line_1_5' title="bbox 157 568 951 655; baseline 0.004 -23"><span class='ocrx_word' id='word_1_23' title='bbox 157 571 298 655; x_wconf 85' lang='lat' dir='ltr'>adeptus,</span> <span class='ocrx_word' id='word_1_24' title='bbox 312 568 454 652; x_wconf 74' lang='lat' dir='ltr'>singulari</span> <span class='ocrx_word' id='word_1_25' title='bbox 463 585 527 636; x_wconf 88' lang='lat' dir='ltr'>arte</span> <span class='ocrx_word' id='word_1_26' title='bbox 541 575 635 636; x_wconf 84' lang='lat' dir='ltr'>eciem</span> <span class='ocrx_word' id='word_1_27' title='bbox 647 594 684 634; x_wconf 90' lang='lat' dir='ltr'>eo</span> <span class='ocrx_word' id='word_1_28' title='bbox 697 572 745 634; x_wconf 86' lang='lat' dir='ltr'>dis</span> <span class='ocrx_word' id='word_1_29' title='bbox 758 573 951 636; x_wconf 66' lang='lat' dir='ltr'><strong>instruxisse.</strong></span> 
     </span>
    </p>
   </div>
   <div class='ocr_carea' id='block_1_3' title="bbox 161 738 946 777">
    <p class='ocr_par' dir='ltr' id='par_1_3' title="bbox 161 738 946 777">
     <span class='ocr_line' id='line_1_6' title="bbox 161 738 946 777; baseline 0.003 -5"><span class='ocrx_word' id='word_1_30' title='bbox 161 738 946 777; x_wconf 57' lang='lat' dir='ltr'><em>w</em></span> 
     </span>
    </p>
   </div>
   <div class='ocr_carea' id='block_1_4' title="bbox 259 854 840 932">
    <p class='ocr_par' dir='ltr' id='par_1_4' title="bbox 259 854 840 932">
     <span class='ocr_line' id='line_1_7' title="bbox 259 854 840 932; baseline 0.002 -5"><span class='ocrx_word' id='word_1_31' title='bbox 259 858 668 932; x_wconf 85' lang='lat' dir='ltr'><strong>NARRATIO</strong></span> <span class='ocrx_word' id='word_1_32' title='bbox 714 854 840 931; x_wconf 91' lang='lat' dir='ltr'><strong>LVI.</strong></span> 
     </span>
    </p>
   </div>
   <div class='ocr_carea' id='block_1_5' title="bbox 180 996 923 1185">
    <p class='ocr_par' dir='ltr' id='par_1_5' title="bbox 180 996 923 1185">
     <span class='ocr_line' id='line_1_8' title="bbox 180 996 923 1102; baseline 0.003 -30"><span class='ocrx_word' id='word_1_33' title='bbox 180 996 258 1072; x_wconf 82' lang='lat' dir='ltr'>Pax</span> <span class='ocrx_word' id='word_1_34' title='bbox 284 997 650 1102; x_wconf 81' lang='lat' dir='ltr'>Carthaginiensibus</span> <span class='ocrx_word' id='word_1_35' title='bbox 687 1002 708 1073; x_wconf 77' lang='lat' dir='ltr'>d</span> <span class='ocrx_word' id='word_1_36' title='bbox 737 1000 923 1102; x_wconf 83' lang='lat' dir='ltr'>Scipione</span> 
     </span>
     <span class='ocr_line' id='line_1_9' title="bbox 388 1135 648 1185; baseline 0 0"><span class='ocrx_word' id='word_1_37' title='bbox 388 1138 391 1145; x_wconf 93' lang='lat'>·</span> <span class='ocrx_word' id='word_1_38' title='bbox 460 1135 648 1185; x_wconf 86' lang='lat' dir='ltr'>concessa.</span> 
     </span>
    </p>
   </div>
   <div class='ocr_carea' id='block_1_6' title="bbox 27 1319 948 2634">
    <p class='ocr_par' dir='ltr' id='par_1_6' title="bbox 27 1319 948 2588">
     <span class='ocr_line' id='line_1_10' title="bbox 27 1319 948 1396; baseline 0.008 -24"><span class='ocrx_word' id='word_1_39' title='bbox 27 1321 144 1385; x_wconf 80' lang='lat' dir='ltr'>U·c.55c·</span> <span class='ocrx_word' id='word_1_40' title='bbox 200 1323 280 1378; x_wconf 88' lang='lat' dir='ltr'>Victi</span> <span class='ocrx_word' id='word_1_41' title='bbox 306 1322 344 1376; x_wconf 84' lang='lat' dir='ltr'>ad</span> <span class='ocrx_word' id='word_1_42' title='bbox 365 1323 481 1375; x_wconf 82' lang='lat' dir='ltr'><em>Zamam</em></span> <span class='ocrx_word' id='word_1_43' title='bbox 504 1319 755 1394; x_wconf 72' lang='lat' dir='ltr'>Carthaginienses</span> <span class='ocrx_word' id='word_1_44' title='bbox 777 1323 891 1396; x_wconf 74' lang='lat' dir='ltr'>legatos</span> <span class='ocrx_word' id='word_1_45' title='bbox 912 1324 948 1379; x_wconf 82' lang='lat' dir='ltr'>ad</span> 
     </span>
     <span class='ocr_line' id='line_1_11' title="bbox 28 1382 946 1460; baseline 0.004 -22"><span class='ocrx_word' id='word_1_46' title='bbox 28 1382 315 1459; x_wconf 61' lang='lat' dir='ltr'>contaminarem</span> <span class='ocrx_word' id='word_1_47' title='bbox 328 1387 438 1442; x_wconf 87' lang='lat' dir='ltr'>mittunt</span> <span class='ocrx_word' id='word_1_48' title='bbox 454 1387 505 1456; x_wconf 88' lang='lat' dir='ltr'>qui</span> <span class='ocrx_word' id='word_1_49' title='bbox 516 1407 617 1456; x_wconf 85' lang='lat' dir='ltr'>pacem</span> <span class='ocrx_word' id='word_1_50' title='bbox 630 1403 762 1457; x_wconf 84' lang='lat' dir='ltr'>peterent.</span> <span class='ocrx_word' id='word_1_51' title='bbox 774 1389 875 1460; x_wconf 82' lang='lat' dir='ltr'>Scipio</span> <span class='ocrx_word' id='word_1_52' title='bbox 887 1427 894 1455; x_wconf 86' lang='lat'><strong>,</strong></span> <span class='ocrx_word' id='word_1_53' title='bbox 907 1390 946 1442; x_wconf 85' lang='lat' dir='ltr'>ie·</span> 
     </span>
     <span class='ocr_line' id='line_1_12' title="bbox 156 1454 946 1527; baseline 0.001 -18"><span class='ocrx_word' id='word_1_54' title='bbox 156 1456 234 1527; x_wconf 74' lang='lat' dir='ltr'>gatis</span> <span class='ocrx_word' id='word_1_55' title='bbox 251 1455 339 1508; x_wconf 83' lang='lat' dir='ltr'>rrrultd</span> <span class='ocrx_word' id='word_1_56' title='bbox 355 1454 541 1525; x_wconf 74' lang='lat' dir='ltr'>castigatione</span> <span class='ocrx_word' id='word_1_57' title='bbox 552 1455 682 1525; x_wconf 76' lang='lat' dir='ltr'>persidia</span> <span class='ocrx_word' id='word_1_58' title='bbox 696 1456 830 1519; x_wconf 86' lang='lat' dir='ltr'>monitis,</span> <span class='ocrx_word' id='word_1_59' title='bbox 850 1456 946 1511; x_wconf 86' lang='lat' dir='ltr'>condi·</span> 
     </span>
     <span class='ocr_line' id='line_1_13' title="bbox 154 1519 946 1640; baseline 0 -64"><span class='ocrx_word' id='word_1_60' title='bbox 154 1526 249 1578; x_wconf 83' lang='lat' dir='ltr'>tiones</span> <span class='ocrx_word' id='word_1_61' title='bbox 257 1523 336 1592; x_wconf 85' lang='lat' dir='ltr'>pacis</span> <span class='ocrx_word' id='word_1_62' title='bbox 347 1520 441 1582; x_wconf 77' lang='lat' dir='ltr'>dicit,</span> <span class='ocrx_word' id='word_1_63' title='bbox 458 1533 487 1573; x_wconf 85' lang='lat' dir='ltr'>at</span> <span class='ocrx_word' id='word_1_64' title='bbox 495 1519 694 1640; x_wconf 61' lang='lat' dir='ltr'>riornurnbferre</span> <span class='ocrx_word' id='word_1_65' title='bbox 701 1520 796 1601; x_wconf 69' lang='lat' dir='ltr'>jussit.</span> <span class='ocrx_word' id='word_1_66' title='bbox 814 1523 889 1576; x_wconf 75' lang='lat' dir='ltr'>Cum</span> <span class='ocrx_word' id='word_1_67' title='bbox 901 1541 946 1576; x_wconf 86' lang='lat' dir='ltr'>eas</span> 
     </span>
     <span class='ocr_line' id='line_1_14' title="bbox 157 1586 946 1660; baseline -0.006 -13"><span class='ocrx_word' id='word_1_68' title='bbox 157 1589 189 1647; x_wconf 81' lang='lat' dir='ltr'>ia</span> <span class='ocrx_word' id='word_1_69' title='bbox 211 1590 345 1645; x_wconf 81' lang='lat' dir='ltr'>concione</span> <span class='ocrx_word' id='word_1_70' title='bbox 366 1587 498 1652; x_wconf 81' lang='lat' dir='ltr'>ederent,</span> <span class='ocrx_word' id='word_1_71' title='bbox 527 1586 604 1642; x_wconf 84' lang='lat' dir='ltr'>Anni</span> <span class='ocrx_word' id='word_1_72' title='bbox 621 1588 652 1640; x_wconf 89' lang='lat' dir='ltr'>al</span> <span class='ocrx_word' id='word_1_73' title='bbox 674 1589 831 1660; x_wconf 75' lang='lat' dir='ltr'>Gisgonem</span> <span class='ocrx_word' id='word_1_74' title='bbox 852 1608 946 1657; x_wconf 83' lang='lat' dir='ltr'>paoem</span> 
     </span>
     <span class='ocr_line' id='line_1_15' title="bbox 157 1653 944 1715; baseline -0.009 -3"><span class='ocrx_word' id='word_1_75' title='bbox 157 1657 364 1712; x_wconf 73' lang='lat' dir='ltr'>dissuadentem</span> <span class='ocrx_word' id='word_1_76' title='bbox 375 1673 457 1707; x_wconf 83' lang='lat' dir='ltr'>nranu</span> <span class='ocrx_word' id='word_1_77' title='bbox 470 1653 523 1707; x_wconf 85' lang='lat' dir='ltr'>sud</span> <span class='ocrx_word' id='word_1_78' title='bbox 533 1653 656 1709; x_wconf 74' lang='lat' dir='ltr'>detraxit</span> <span class='ocrx_word' id='word_1_79' title='bbox 664 1674 675 1715; x_wconf 70' lang='lat' dir='ltr'><em>J</em></span> <span class='ocrx_word' id='word_1_80' title='bbox 697 1656 834 1707; x_wconf 76' lang='lat' dir='ltr'>eacusatd</span> <span class='ocrx_word' id='word_1_81' title='bbox 844 1655 944 1711; x_wconf 71' lang='lat' dir='ltr'>deinde</span> 
     </span>
     <span class='ocr_line' id='line_1_16' title="bbox 158 1718 946 1799; baseline -0.004 -23"><span class='ocrx_word' id='word_1_82' title='bbox 158 1722 313 1777; x_wconf 85' lang='lat' dir='ltr'>temeritate</span> <span class='ocrx_word' id='word_1_83' title='bbox 326 1719 416 1792; x_wconf 82' lang='lat' dir='ltr'>facti,</span> <span class='ocrx_word' id='word_1_84' title='bbox 431 1718 492 1799; x_wconf 70' lang='lat' dir='ltr'>ipse</span> <span class='ocrx_word' id='word_1_85' title='bbox 500 1738 597 1790; x_wconf 90' lang='lat' dir='ltr'>pacem</span> <span class='ocrx_word' id='word_1_86' title='bbox 608 1719 706 1775; x_wconf 85' lang='lat' dir='ltr'>suasit.</span> <span class='ocrx_word' id='word_1_87' title='bbox 725 1719 946 1797; x_wconf 75' lang='lat' dir='ltr'>Carthaginien·</span> 
     </span>
     <span class='ocr_line' id='line_1_17' title="bbox 156 1784 943 1855; baseline -0.004 -13"><span class='ocrx_word' id='word_1_88' title='bbox 156 1789 234 1842; x_wconf 88' lang='lat' dir='ltr'>sibus</span> <span class='ocrx_word' id='word_1_89' title='bbox 259 1789 333 1843; x_wconf 86' lang='lat' dir='ltr'>inter</span> <span class='ocrx_word' id='word_1_90' title='bbox 350 1788 410 1842; x_wconf 86' lang='lat' dir='ltr'>alia</span> <span class='ocrx_word' id='word_1_91' title='bbox 430 1799 594 1855; x_wconf 74' lang='lat' dir='ltr'>inaperatum</span> <span class='ocrx_word' id='word_1_92' title='bbox 615 1800 674 1839; x_wconf 88' lang='lat' dir='ltr'>erat</span> <span class='ocrx_word' id='word_1_93' title='bbox 691 1799 721 1840; x_wconf 90' lang='lat' dir='ltr'>ut</span> <span class='ocrx_word' id='word_1_94' title='bbox 737 1784 835 1841; x_wconf 81' lang='lat' dir='ltr'>decem</span> <span class='ocrx_word' id='word_1_95' title='bbox 853 1786 943 1843; x_wconf 83' lang='lat' dir='ltr'>miliia</span> 
     </span>
     <span class='ocr_line' id='line_1_18' title="bbox 155 1850 946 1927; baseline 0 -19"><span class='ocrx_word' id='word_1_96' title='bbox 155 1856 290 1908; x_wconf 70' lang='lat' dir='ltr'>talentum</span> <span class='ocrx_word' id='word_1_97' title='bbox 308 1852 422 1927; x_wconf 74' lang='lat' dir='ltr'>argenti</span> <span class='ocrx_word' id='word_1_98' title='bbox 436 1853 593 1920; x_wconf 84' lang='lat' dir='ltr'>descripta,</span> <span class='ocrx_word' id='word_1_99' title='bbox 611 1850 792 1920; x_wconf 79' lang='lat' dir='ltr'>pensionibus</span> <span class='ocrx_word' id='word_1_100' title='bbox 809 1855 902 1926; x_wconf 79' lang='lat' dir='ltr'>eequis</span> <span class='ocrx_word' id='word_1_101' title='bbox 916 1853 946 1908; x_wconf 86' lang='lat' dir='ltr'>in</span> 
     </span>
     <span class='ocr_line' id='line_1_19' title="bbox 106 1917 947 1992; baseline 0 -19"><span class='ocrx_word' id='word_1_102' title='bbox 106 1939 127 1959; x_wconf 39' lang='lat' dir='ltr'>a</span> <span class='ocrx_word' id='word_1_103' title='bbox 154 1921 362 1992; x_wconf 71' lang='lat' dir='ltr'>quinqua5inta</span> <span class='ocrx_word' id='word_1_104' title='bbox 372 1936 456 1971; x_wconf 85' lang='lat' dir='ltr'>annos</span> <span class='ocrx_word' id='word_1_105' title='bbox 467 1917 613 1970; x_wconf 84' lang='lat' dir='ltr'>solverent.</span> <span class='ocrx_word' id='word_1_106' title='bbox 627 1917 698 1970; x_wconf 77' lang='lat' dir='ltr'>Ciam</span> <span class='ocrx_word' id='word_1_107' title='bbox 709 1917 749 1972; x_wconf 88' lang='lat' dir='ltr'>iis</span> <span class='ocrx_word' id='word_1_108' title='bbox 777 1919 850 1974; x_wconf 87' lang='lat' dir='ltr'>rima</span> <span class='ocrx_word' id='word_1_109' title='bbox 861 1921 947 1975; x_wconf 84' lang='lat' dir='ltr'>colla-</span> 
     </span>
     <span class='ocr_line' id='line_1_20' title="bbox 154 1937 947 2057; baseline 0.006 -19"><span class='ocrx_word' id='word_1_110' title='bbox 154 1987 332 2056; x_wconf 80' lang='lat' dir='ltr'>tiopecunioe</span> <span class='ocrx_word' id='word_1_111' title='bbox 342 1981 535 2042; x_wconf 84' lang='lat' dir='ltr'>diutinobelio</span> <span class='ocrx_word' id='word_1_112' title='bbox 549 1982 694 2038; x_wconf 80' lang='lat' dir='ltr'>exhaustis</span> <span class='ocrx_word' id='word_1_113' title='bbox 711 1937 850 2057; x_wconf 50' lang='lat' dir='ltr'>difficilis</span> <span class='ocrx_word' id='word_1_114' title='bbox 870 1988 947 2043; x_wconf 68' lang='lat' dir='ltr'>vide*</span> 
     </span>
     <span class='ocr_line' id='line_1_21' title="bbox 129 2048 946 2132; baseline 0.001 -26"><span class='ocrx_word' id='word_1_115' title='bbox 129 2055 132 2060; x_wconf 88' lang='grc'><strong>’</strong></span> <span class='ocrx_word' id='word_1_116' title='bbox 154 2065 239 2116; x_wconf 87' lang='lat' dir='ltr'>retur,</span> <span class='ocrx_word' id='word_1_117' title='bbox 254 2051 441 2123; x_wconf 67' lang='lat' dir='ltr'>maestitiaque</span> <span class='ocrx_word' id='word_1_118' title='bbox 461 2065 488 2102; x_wconf 89' lang='lat' dir='ltr'>et</span> <span class='ocrx_word' id='word_1_119' title='bbox 498 2048 587 2120; x_wconf 86' lang='lat' dir='ltr'>fletus</span> <span class='ocrx_word' id='word_1_120' title='bbox 602 2051 633 2105; x_wconf 92' lang='lat' dir='ltr'>in</span> <span class='ocrx_word' id='word_1_121' title='bbox 645 2050 727 2106; x_wconf 77' lang='lat' dir='ltr'>caria</span> <span class='ocrx_word' id='word_1_122' title='bbox 739 2067 833 2132; x_wconf 33' lang='lat' dir='ltr'>essct⁴¹</span> <span class='ocrx_word' id='word_1_123' title='bbox 853 2052 946 2110; x_wconf 64' lang='lat' dir='ltr'>ridena</span> 
     </span>
     <span class='ocr_line' id='line_1_22' title="bbox 154 2116 944 2190; baseline 0.006 -18"><span class='ocrx_word' id='word_1_124' title='bbox 154 2131 210 2172; x_wconf 87' lang='lat' dir='ltr'>tem</span> <span class='ocrx_word' id='word_1_125' title='bbox 237 2118 404 2174; x_wconf 83' lang='lat' dir='ltr'>Annibalem</span> <span class='ocrx_word' id='word_1_126' title='bbox 429 2116 526 2190; x_wconf 83' lang='lat' dir='ltr'>ferunt</span> <span class='ocrx_word' id='word_1_127' title='bbox 554 2131 737 2185; x_wconf 85' lang='lat' dir='ltr'>conspectum.</span> <span class='ocrx_word' id='word_1_128' title='bbox 757 2119 862 2189; x_wconf 41' lang='lat' dir='ltr'>,Culus</span> <span class='ocrx_word' id='word_1_129' title='bbox 882 2125 944 2176; x_wconf 77' lang='lat' dir='ltr'>cam</span> 
     </span>
     <span class='ocr_line' id='line_1_23' title="bbox 153 2181 946 2253; baseline 0.001 -14"><span class='ocrx_word' id='word_1_130' title='bbox 153 2184 230 2239; x_wconf 84' lang='lat' dir='ltr'>risus</span> <span class='ocrx_word' id='word_1_131' title='bbox 253 2186 442 2253; x_wconf 72' lang='lat' dir='ltr'>increparetur</span> <span class='ocrx_word' id='word_1_132' title='bbox 455 2205 462 2243; x_wconf 86' lang='lat'>;</span> <span class='ocrx_word' id='word_1_133' title='bbox 489 2181 582 2245; x_wconf 82' lang='lat' dir='ltr'>bunc,</span> <span class='ocrx_word' id='word_1_134' title='bbox 605 2202 659 2236; x_wconf 90' lang='lat' dir='ltr'>non</span> <span class='ocrx_word' id='word_1_135' title='bbox 686 2182 750 2237; x_wconf 81' lang='lat' dir='ltr'>laeti</span> <span class='ocrx_word' id='word_1_136' title='bbox 773 2183 870 2251; x_wconf 66' lang='lat' dir='ltr'>dicit,</span> <span class='ocrx_word' id='word_1_137' title='bbox 896 2187 946 2242; x_wconf 85' lang='lat' dir='ltr'>sed</span> 
     </span>
     <span class='ocr_line' id='line_1_24' title="bbox 150 2248 945 2320; baseline 0.006 -17"><span class='ocrx_word' id='word_1_138' title='bbox 150 2253 236 2320; x_wconf 70' lang='lat' dir='ltr'>propt}</span> <span class='ocrx_word' id='word_1_139' title='bbox 255 2251 372 2304; x_wconf 89' lang='lat' dir='ltr'>amentis</span> <span class='ocrx_word' id='word_1_140' title='bbox 392 2248 474 2302; x_wconf 86' lang='lat' dir='ltr'>maiis</span> <span class='ocrx_word' id='word_1_141' title='bbox 494 2248 589 2303; x_wconf 85' lang='lat' dir='ltr'>cordis</span> <span class='ocrx_word' id='word_1_142' title='bbox 609 2248 698 2302; x_wconf 88' lang='lat' dir='ltr'>risum</span> <span class='ocrx_word' id='word_1_143' title='bbox 713 2262 786 2302; x_wconf 77' lang='lat' dir='ltr'>esse.</span> <span class='ocrx_word' id='word_1_144' title='bbox 806 2254 945 2308; x_wconf 83' lang='lat' dir='ltr'>Reversus</span> 
     </span>
     <span class='ocr_line' id='line_1_25' title="bbox 154 2313 946 2390; baseline 0.004 -19"><span class='ocrx_word' id='word_1_145' title='bbox 154 2317 185 2372; x_wconf 86' lang='lat' dir='ltr'>in</span> <span class='ocrx_word' id='word_1_146' title='bbox 211 2317 303 2370; x_wconf 86' lang='lat' dir='ltr'>urbem</span> <span class='ocrx_word' id='word_1_147' title='bbox 329 2316 425 2380; x_wconf 83' lang='lat' dir='ltr'>Scipio</span> <span class='ocrx_word' id='word_1_148' title='bbox 449 2313 650 2384; x_wconf 82' lang='lat' dir='ltr'>amplissimum</span> <span class='ocrx_word' id='word_1_149' title='bbox 680 2315 741 2388; x_wconf 80' lang='lat' dir='ltr'>egit</span> <span class='ocrx_word' id='word_1_150' title='bbox 770 2317 946 2390; x_wconf 83' lang='lat' dir='ltr'>triumphurn.</span> 
     </span>
     <span class='ocr_line' id='line_1_26' title="bbox 154 2379 944 2457; baseline 0.003 -20"><span class='ocrx_word' id='word_1_151' title='bbox 154 2383 252 2452; x_wconf 87' lang='lat' dir='ltr'>Scipio</span> <span class='ocrx_word' id='word_1_152' title='bbox 272 2379 428 2453; x_wconf 80' lang='lat' dir='ltr'>Africanus</span> <span class='ocrx_word' id='word_1_153' title='bbox 443 2381 598 2457; x_wconf 71' lang='lat' dir='ltr'>(incertam</span> <span class='ocrx_word' id='word_1_154' title='bbox 608 2380 730 2435; x_wconf 86' lang='lat' dir='ltr'>militari</span> <span class='ocrx_word' id='word_1_155' title='bbox 736 2380 815 2450; x_wconf 76' lang='lat' dir='ltr'>prius</span> <span class='ocrx_word' id='word_1_156' title='bbox 820 2382 944 2456; x_wconf 77' lang='lat' dir='ltr'>favore,</span> 
     </span>
     <span class='ocr_line' id='line_1_27' title="bbox 154 2445 943 2524; baseline -0.001 -24"><span class='ocrx_word' id='word_1_157' title='bbox 154 2469 192 2501; x_wconf 90' lang='lat' dir='ltr'>an</span> <span class='ocrx_word' id='word_1_158' title='bbox 210 2448 340 2517; x_wconf 85' lang='lat' dir='ltr'>populari</span> <span class='ocrx_word' id='word_1_159' title='bbox 352 2445 422 2498; x_wconf 76' lang='lat' dir='ltr'>aura‘</span> <span class='ocrx_word' id='word_1_160' title='bbox 440 2445 485 2499; x_wconf 78' lang='lat' dir='ltr'>ud</span> <span class='ocrx_word' id='word_1_161' title='bbox 500 2446 714 2520; x_wconf 73' lang='lat' dir='ltr'>cognominatus</span> <span class='ocrx_word' id='word_1_162' title='bbox 727 2449 737 2514; x_wconf 90' lang='lat'>)</span> <span class='ocrx_word' id='word_1_163' title='bbox 750 2447 858 2524; x_wconf 85' lang='lat' dir='ltr'>primus</span> <span class='ocrx_word' id='word_1_164' title='bbox 871 2456 943 2507; x_wconf 60' lang='lat' dir='ltr'>cers&amp;</span> 
     </span>
     <span class='ocr_line' id='line_1_28' title="bbox 153 2511 944 2588; baseline 0.004 -21"><span class='ocrx_word' id='word_1_165' title='bbox 153 2512 201 2569; x_wconf 85' lang='lat' dir='ltr'>bic</span> <span class='ocrx_word' id='word_1_166' title='bbox 222 2515 369 2582; x_wconf 82' lang='lat' dir='ltr'>imperator</span> <span class='ocrx_word' id='word_1_167' title='bbox 387 2512 467 2566; x_wconf 80' lang='lat' dir='ltr'>victa</span> <span class='ocrx_word' id='word_1_168' title='bbox 479 2511 498 2568; x_wconf 71' lang='lat' dir='ltr'>a*</span> <span class='ocrx_word' id='word_1_169' title='bbox 510 2531 541 2568; x_wconf 88' lang='lat' dir='ltr'>se</span> <span class='ocrx_word' id='word_1_170' title='bbox 553 2512 663 2570; x_wconf 85' lang='lat' dir='ltr'>nomine</span> <span class='ocrx_word' id='word_1_171' title='bbox 674 2524 770 2588; x_wconf 74' lang='lat' dir='ltr'>gentis</span> <span class='ocrx_word' id='word_1_172' title='bbox 781 2514 944 2577; x_wconf 79' lang='lat' dir='ltr'>nobilitatus</span> 
     </span>
    </p>

    <p class='ocr_par' dir='ltr' id='par_1_7' title="bbox 155 2591 208 2634">
     <span class='ocr_line' id='line_1_29' title="bbox 155 2591 208 2634; baseline -0.019 0"><span class='ocrx_word' id='word_1_173' title='bbox 155 2591 208 2634; x_wconf 70' lang='lat' dir='ltr'>esi.</span> 
     </span>
    </p>
   </div>
   <div class='ocr_carea' id='block_1_7' title="bbox 150 2673 946 3463">
    <p class='ocr_par' dir='ltr' id='par_1_8' title="bbox 150 2673 946 3463">
     <span class='ocr_line' id='line_1_30' title="bbox 154 2673 946 2813; baseline 0.005 -19"><span class='ocrx_word' id='word_1_174' title='bbox 154 2673 318 2794; x_wconf 74' lang='lat' dir='ltr'>screto</span> <span class='ocrx_word' id='word_1_175' title='bbox 335 2729 493 2792; x_wconf 79' lang='lat' dir='ltr'>confestim</span> <span class='ocrx_word' id='word_1_176' title='bbox 515 2728 532 2792; x_wconf 76' lang='lat' dir='ltr'>t</span> <span class='ocrx_word' id='word_1_177' title='bbox 551 2732 655 2813; x_wconf 80' lang='lat' dir='ltr'>praelio</span> <span class='ocrx_word' id='word_1_178' title='bbox 671 2732 707 2794; x_wconf 91' lang='lat' dir='ltr'>ad</span> <span class='ocrx_word' id='word_1_179' title='bbox 722 2733 844 2796; x_wconf 82' lang='lat' dir='ltr'>Zamam</span> <span class='ocrx_word' id='word_1_180' title='bbox 862 2735 946 2800; x_wconf 88' lang='lat' dir='ltr'>edito</span> 
     </span>
     <span class='ocr_line' id='line_1_31' title="bbox 154 2810 945 2896; baseline 0.005 -19"><span class='ocrx_word' id='word_1_181' title='bbox 154 2811 371 2878; x_wconf 79' lang='lat' dir='ltr'>admovendum</span> <span class='ocrx_word' id='word_1_182' title='bbox 388 2810 519 2890; x_wconf 88' lang='lat' dir='ltr'>undique</span> <span class='ocrx_word' id='word_1_183' title='bbox 541 2823 684 2875; x_wconf 88' lang='lat' dir='ltr'>terrorem</span> <span class='ocrx_word' id='word_1_184' title='bbox 709 2814 854 2896; x_wconf 83' lang='lat' dir='ltr'>perculsis</span> <span class='ocrx_word' id='word_1_185' title='bbox 871 2817 945 2880; x_wconf 88' lang='lat' dir='ltr'>Car-</span> 
     </span>
     <span class='ocr_line' id='line_1_32' title="bbox 152 2892 943 2979; baseline 0.004 -22"><span class='ocrx_word' id='word_1_186' title='bbox 152 2892 387 2974; x_wconf 82' lang='lat' dir='ltr'>thaginiensibus</span> <span class='ocrx_word' id='word_1_187' title='bbox 412 2905 492 2954; x_wconf 84' lang='lat' dir='ltr'>ratus</span> <span class='ocrx_word' id='word_1_188' title='bbox 513 2905 630 2972; x_wconf 87' lang='lat' dir='ltr'>portum</span> <span class='ocrx_word' id='word_1_189' title='bbox 646 2896 837 2974; x_wconf 80' lang='lat' dir='ltr'>Carthaginis</span> <span class='ocrx_word' id='word_1_190' title='bbox 854 2901 943 2979; x_wconf 83' lang='lat' dir='ltr'>petit.</span> 
     </span>
     <span class='ocr_line' id='line_1_33' title="bbox 151 2973 944 3056; baseline 0.003 -19"><span class='ocrx_word' id='word_1_191' title='bbox 151 2974 258 3056; x_wconf 80' lang='lat' dir='ltr'>Legati</span> <span class='ocrx_word' id='word_1_192' title='bbox 272 2973 393 3052; x_wconf 82' lang='lat' dir='ltr'>triginta</span> <span class='ocrx_word' id='word_1_193' title='bbox 405 2973 585 3051; x_wconf 81' lang='lat' dir='ltr'>Carthagine</span> <span class='ocrx_word' id='word_1_194' title='bbox 604 2976 638 3035; x_wconf 90' lang='lat' dir='ltr'>ad</span> <span class='ocrx_word' id='word_1_195' title='bbox 658 2977 832 3056; x_wconf 88' lang='lat' dir='ltr'>Scipionem</span> <span class='ocrx_word' id='word_1_196' title='bbox 850 2999 944 3039; x_wconf 81' lang='lat' dir='ltr'>rene·</span> 
     </span>
     <span class='ocr_line' id='line_1_34' title="bbox 150 3054 942 3136; baseline 0.005 -21"><span class='ocrx_word' id='word_1_197' title='bbox 150 3068 229 3117; x_wconf 86' lang='lat' dir='ltr'>runt.</span> <span class='ocrx_word' id='word_1_198' title='bbox 252 3058 291 3119; x_wconf 89' lang='lat' dir='ltr'>Et</span> <span class='ocrx_word' id='word_1_199' title='bbox 310 3054 355 3115; x_wconf 90' lang='lat' dir='ltr'>illi</span> <span class='ocrx_word' id='word_1_200' title='bbox 370 3054 488 3133; x_wconf 89' lang='lat' dir='ltr'>quidem</span> <span class='ocrx_word' id='word_1_201' title='bbox 504 3054 598 3114; x_wconf 77' lang='lat' dir='ltr'>multo</span> <span class='ocrx_word' id='word_1_202' title='bbox 624 3056 823 3118; x_wconf 80' lang='lat' dir='ltr'>miserabiiihs</span> <span class='ocrx_word' id='word_1_203' title='bbox 848 3058 942 3136; x_wconf 76' lang='lat' dir='ltr'>quam</span> 
     </span>
     <span class='ocr_line' id='line_1_35' title="bbox 151 3135 938 3217; baseline 0.004 -21"><span class='ocrx_word' id='word_1_204' title='bbox 151 3137 219 3197; x_wconf 78' lang='lat' dir='ltr'>ante</span> <span class='ocrx_word' id='word_1_205' title='bbox 246 3140 329 3216; x_wconf 88' lang='lat' dir='ltr'>(quo</span> <span class='ocrx_word' id='word_1_206' title='bbox 352 3135 445 3213; x_wconf 85' lang='lat' dir='ltr'>magis</span> <span class='ocrx_word' id='word_1_207' title='bbox 468 3135 594 3215; x_wconf 86' lang='lat' dir='ltr'>cogebat</span> <span class='ocrx_word' id='word_1_208' title='bbox 614 3135 753 3211; x_wconf 84' lang='lat' dir='ltr'>fortuna)</span> <span class='ocrx_word' id='word_1_209' title='bbox 784 3151 938 3217; x_wconf 83' lang='lat' dir='ltr'>egerunt:</span> 
     </span>
     <span class='ocr_line' id='line_1_36' title="bbox 150 3215 943 3298; baseline 0.004 -21"><span class='ocrx_word' id='word_1_210' title='bbox 150 3217 203 3278; x_wconf 85' lang='lat' dir='ltr'>sed</span> <span class='ocrx_word' id='word_1_211' title='bbox 221 3216 371 3298; x_wconf 75' lang='lat' dir='ltr'>aliquantis</span> <span class='ocrx_word' id='word_1_212' title='bbox 391 3218 507 3276; x_wconf 87' lang='lat' dir='ltr'>minore</span> <span class='ocrx_word' id='word_1_213' title='bbox 524 3236 591 3276; x_wconf 90' lang='lat' dir='ltr'>curn</span> <span class='ocrx_word' id='word_1_214' title='bbox 606 3215 809 3278; x_wconf 73' lang='lat' dir='ltr'>misericordia</span> <span class='ocrx_word' id='word_1_215' title='bbox 834 3218 871 3277; x_wconf 86' lang='lat' dir='ltr'>ab</span> <span class='ocrx_word' id='word_1_216' title='bbox 891 3240 943 3280; x_wconf 87' lang='lat' dir='ltr'>ro·</span> 
     </span>
     <span class='ocr_line' id='line_1_37' title="bbox 152 3295 941 3378; baseline -0.006 -22"><span class='ocrx_word' id='word_1_217' title='bbox 152 3299 232 3357; x_wconf 88' lang='lat' dir='ltr'>centi</span> <span class='ocrx_word' id='word_1_218' title='bbox 253 3296 397 3357; x_wconf 72' lang='lat' dir='ltr'>memorii</span> <span class='ocrx_word' id='word_1_219' title='bbox 412 3295 552 3378; x_wconf 77' lang='lat' dir='ltr'>perfidiae</span> <span class='ocrx_word' id='word_1_220' title='bbox 569 3296 661 3356; x_wconf 89' lang='lat' dir='ltr'>auditi</span> <span class='ocrx_word' id='word_1_221' title='bbox 683 3307 759 3356; x_wconf 89' lang='lat' dir='ltr'>sunt.</span> <span class='ocrx_word' id='word_1_222' title='bbox 784 3297 817 3359; x_wconf 86' lang='lat' dir='ltr'>in</span> <span class='ocrx_word' id='word_1_223' title='bbox 839 3300 941 3359; x_wconf 91' lang='lat' dir='ltr'>consi.</span> 
     </span>
     <span class='ocr_line' id='line_1_38' title="bbox 151 3374 941 3463; baseline 0.001 -24"><span class='ocrx_word' id='word_1_224' title='bbox 151 3374 215 3451; x_wconf 88' lang='lat' dir='ltr'>lio,</span> <span class='ocrx_word' id='word_1_225' title='bbox 244 3396 410 3463; x_wconf 84' lang='lat' dir='ltr'>quanquam</span> <span class='ocrx_word' id='word_1_226' title='bbox 433 3381 511 3462; x_wconf 83' lang='lat' dir='ltr'>justa</span> <span class='ocrx_word' id='word_1_227' title='bbox 531 3377 577 3440; x_wconf 88' lang='lat' dir='ltr'>ira</span> <span class='ocrx_word' id='word_1_228' title='bbox 601 3395 702 3439; x_wconf 87' lang='lat' dir='ltr'>omnes</span> <span class='ocrx_word' id='word_1_229' title='bbox 725 3377 761 3439; x_wconf 88' lang='lat' dir='ltr'>ad</span> <span class='ocrx_word' id='word_1_230' title='bbox 785 3377 941 3449; x_wconf 84' lang='lat' dir='ltr'>delendam</span> 
     </span>
    </p>
   </div>
   <div class='ocr_carea' id='block_1_8' title="bbox 0 0 1012 3780">
    <p class='ocr_par' dir='ltr' id='par_1_9' title="bbox 0 0 1012 3780">
     <span class='ocr_line' id='line_1_39' title="bbox 0 0 1012 3780; baseline 0 2"><span class='ocrx_word' id='word_1_231' title='bbox 0 0 1012 3780; x_wconf 95' lang='lat' dir='ltr'> </span> 
     </span>
    </p>
   </div>
  </div>
 </body>
</html>
