2016 3780
209 120 488 189 Nannieno
534 113 688 186 XVII.
795 110 839 206 73

54 246 91 287 ee
113 224 275 305 deflagrare
288 226 381 282 omniu
399 223 512 302 passuri
528 220 623 281 estis?
644 220 727 298 Quod
745 234 839 279 autern

54 311 134 366 istud
153 309 302 384 imperium
324 315 388 374 est,
411 302 592 370 Decemviri,
618 303 693 379 quoti
711 300 841 379 amplexi

56 388 190 455 tenetis?
220 384 313 442 Tectis
332 404 364 441 cc
379 381 537 462 parietibus
544 380 612 459 juro
629 382 731 439 dicturi
746 382 815 439 estis
830 376 843 438 i

57 465 124 525 Non
146 467 234 543 pudet
260 463 386 522 lictorum
419 475 570 521 uestrorum
600 459 734 538 majorem
757 456 843 540 propi

58 565 202 605 numerum
225 547 332 613 infore
345 544 483 622 conspici,
501 541 583 621 quim
597 552 755 619 togatorum
768 537 844 598 aiio·

52 626 142 690 ,cumi
170 623 266 703 Quid,
293 627 319 681 si
341 623 433 682 bosies
453 625 492 681 ad
514 621 608 679 urbem
634 624 765 686 ueniant,
776 620 843 698 soc·

58 698 117 777 'turi
134 705 219 764 estisi
243 705 327 784 quid,
353 705 378 761 si
395 700 478 781 plebs
499 723 590 770 mox,
610 698 657 758 ubi
677 701 774 778 pariam
797 720 843 758 se·

58 785 180 844 cessione
206 804 385 854 moveamur,
415 793 527 841 armata
557 783 676 840 veniuti
701 778 847 839 Occacune'

58 862 135 936 urbis
150 861 234 923 uultis
241 864 324 938 finiri
339 864 484 941 imperium
498 862 507 921 i
532 860 619 939 Atqui
635 873 686 918 aut
694 856 846 940 plebi'no'ti

59 955 105 1003 est
126 942 281 1014 babendo,
307 953 358 1001 aar
383 941 503 1000 habendi
525 952 590 999 sunt
615 939 718 999 tribuni
739 937 842 1018 piebis.

59 1024 118 1085 Nos
145 1024 225 1081 citius
250 1020 423 1081 caruerimus
446 1023 577 1100 patriciis
604 1017 845 1097 magistratibus,

60 1102 143 1184 quo'nr
171 1099 218 1161 itti·
242 1100 372 1181 plebeiis.
399 1101 504 1160 Nouam
530 1103 844 1178 inexpertamqueeam

56 1192 230 1265 potestatem
254 1181 380 1260 eripuire
402 1174 533 1260 parribus
557 1183 660 1239 nostris
671 1201 683 1252 ,⁹
713 1176 747 1237 ue¹
771 1194 845 1265 nunc

60 1261 206 1323 dulcedine
232 1260 321 1320 semei
341 1265 416 1340 capti
436 1265 538 1331 ferant
562 1262 754 1331 desiderium,
774 1250 856 1334 (20³

62 1342 121 1399 crim
147 1343 303 1418 prasertim
332 1362 381 1398 nec
412 1363 462 1399 nos
489 1353 670 1417 temperemus
696 1338 847 1419 imperiis,

62 1421 206 1499 quominis
223 1418 269 1476 iiii
284 1419 389 1477 auxilii
402 1438 514 1496 egeant.
537 1420 621 1479 cnm.
635 1419 696 1477 baec
713 1414 847 1477 exomni

87 1505 150 1554 arte
172 1497 368 1572 jactarentur,
389 1500 461 1555 victi
486 1516 629 1555 consensu
647 1496 849 1567 Decemviri,

63 1516 180 1636 iuturus
200 1593 254 1642 se,
277 1572 393 1651 quando
414 1577 454 1633 ita
476 1574 633 1647 videatur,
652 1577 684 1632 in
703 1586 850 1654 potestate

63 1654 183 1717 Petrum
201 1651 356 1714 affirmant.
381 1653 411 1715 td
420 1649 513 1713 morib
527 1654 616 1714 simui
635 1665 719 1711 orant
737 1673 772 1714 ac
787 1672 851 1713 rno-

63 1747 158 1812 nent,
177 1746 209 1793 ut
224 1736 302 1814 ipsis
314 1734 352 1794 ab
363 1733 473 1794 invidia
490 1745 627 1795 caveatur
642 1754 698 1794 nec
716 1753 770 1793 suo
785 1750 852 1794 can-

63 1815 153 1894 guine
169 1814 204 1874 ad
217 1815 364 1896 supplicia
382 1816 499 1875 Petrum
513 1816 632 1897 plebem
644 1814 850 1876 assuefaciant.

103 1932 219 1997 XXVI.
240 1932 319 1993 Tum
334 1933 476 1997 Valerius
492 1933 691 2010 Horatiusque
712 1935 796 1994 missi
814 1932 850 1992 ad
869 1953 983 2006 Valerius

62 2012 183 2094 plebem
207 2013 449 2084 conditionibus,
476 2015 584 2092 quibus
607 2011 777 2088 videretur,
803 2033 849 2073 re·
862 2027 885 2085 et
900 2015 983 2063 Hora-

65 2090 250 2162 vocandam,
272 2093 547 2170 componendasque
568 2111 638 2162 res,
661 2092 850 2155 Decemviris
864 2077 984 2181 ἱᾝῗθζ

67 2188 184 2247 quoque
202 2169 238 2227 ab
260 2171 306 2227 irie
333 2181 363 2228 et
385 2174 498 2249 impetu
522 2171 722 2229 multitudinis
742 2193 852 2251 praeca·
865 2205 929 2242 canc.

68 2268 137 2306 vere
153 2248 300 2327 jubentur.
324 2248 473 2323 Profecti,
493 2249 605 2328 gaudio
627 2250 739 2328 ingenti
756 2253 858 2333 plebia.

66 2331 99 2388 in
119 2339 216 2387 castra
232 2327 440 2408 accipiuntur:
458 2333 572 2411 quippe
589 2329 761 2391 liberatores
777 2332 854 2413 baud

65 2409 182 2479 dubie,
203 2417 232 2466 et
255 2409 354 2468 motus
368 2410 479 2484 initio,
502 2423 532 2469 et
549 2412 631 2470 exitu
649 2412 703 2472 rei.
727 2413 775 2474 Ob
791 2413 853 2475 haec

66 2491 107 2549 iis
123 2487 343 2548 advenientibus
356 2491 460 2568 gratiae
478 2501 568 2564 actae3
586 2490 690 2551 icilius
703 2513 759 2573 pro
775 2480 852 2569 mul}

67 2569 196 2629 titudine
224 2569 309 2627 verba
337 2569 416 2629 iacit.
446 2571 526 2630 idern
553 2571 621 2631 ebro
644 2571 680 2630 de
704 2575 852 2634 conditio-

68 2651 156 2708 nibus
176 2658 326 2722 ageretur,
348 2652 546 2727 quaerentibuc
565 2652 670 2729 legatis
693 2672 762 2732 quce
776 2644 853 2733 'poi-

69 2730 160 2788 tuiata
178 2727 273 2806 plebis
287 2743 403 2801 essent,
420 2733 587 2812 composito
599 2736 656 2814 jani
667 2737 734 2795 ante
748 2722 855 2799 adrei-

55 2807 471 2885 turniegatorurnconsilio,
495 2832 529 2871 ea
547 2814 728 2889 postulauit,
753 2804 854 2897 uiuri·

67 2888 244 2972 pareret-in
265 2892 403 2967 aequitate
420 2913 515 2952 rerum
531 2895 598 2971 plue
615 2898 700 2972 quini
720 2896 750 2954 in
766 2890 855 2957 armis

57 2971 175 3051 ‚reponi
192 2970 266 3050 spei.
291 2971 469 3033 Potestatern
488 2975 568 3033 enim
587 2968 771 3041 tribunitiam
786 2998 856 3058 pro·

103 3144 132 3180 αι
147 3127 446 3198 (Hiemprcesertimnee
479 3133 625 3184 exercendo
634 3124 857 3201 moderatbimpe-

72 3197 136 3261 nos)
147 3192 224 3269 Ciam
240 3198 384 3267 praesertim
396 3215 450 3249 nos.
479 3201 534 3262 ria,
554 3213 583 3249 ut
602 3199 643 3248 iili
660 3199 748 3252 minito
765 3206 858 3271 egeant

74 3263 446 3339 quoquenondemusoperaur
477 3266 580 3320 auniiiu
592 3265 766 3320 tribunorum.

158 3350 229 3412 Pars
256 3353 280 3414 1.
388 3408 391 3412 .
609 3402 612 3409 .
706 3357 744 3418 D,
841 3410 845 3417 .
