2016 3780
176 242 451 318 Nunnnrre
499 230 706 307 Xthtt.
782 251 841 312 131

57 346 89 407 Si
111 345 281 407 debeltorum
304 349 364 425 jain
390 357 418 404 et
445 351 570 416 consecto
597 347 740 422 provincio
772 357 849 405 esset

55 449 106 487 cur
130 432 157 486 in
181 425 296 486 ltaliam
315 428 370 484 noti
385 425 475 485 revehi
488 421 501 485 l
526 423 705 500 flagitatum
728 443 847 504 quoque

57 506 237 586 stipendium
261 505 440 587 procacius,
460 503 549 582 quim
569 524 607 562 ex
626 523 709 563 more·
734 515 765 563 et
781 524 847 563 mo·

57 587 153 649 destia
176 587 319 660 militari,
342 597 426 658 erat;
446 595 476 644 et
493 583 529 643 ab
544 583 720 658 ‘custodibus
735 586 847 665 probra
930 616 935 623 ·

55 669 91 728 in
102 668 321 728 circumeuntes
331 665 448 744 vigilias
461 664 593 725 tribunos
604 666 700 745 jecta:
716 677 745 725 et
756 677 850 727 noctu

56 749 183 830 quidam·
209 747 370 828 praedstum
399 747 431 805 in
462 765 564 822 agrum
597 745 677 806 circi
707 757 848 884 pacatum

11 860 14 864 ·
53 830 152 890 ierant
177 849 183 888 z
213 829 365 908 postrema
389 825 541 898 interdiu,
563 845 597 887 ac
613 845 704 906 propa
718 847 765 886 am
782 828 849 886 sine

56 919 225 971 commeatu
250 910 287 970 ab
309 908 404 986 signis
426 907 557 966 abibant.
591 907 704 967 Omnis
722 908 849 967 libidine

57 1009 91 1050 ac
112 987 235 1046 licentii
255 989 412 1059 miiitum,
437 986 512 1047 nihil
540 988 679 1046 instituto
700 1008 733 1049 ac
754 987 849 1048 disci-

55 1069 141 1152 plind
155 1067 288 1142 militiae,
300 1079 349 1128 aut
359 1068 488 1148 imperio
500 1086 603 1127 eorum
616 1069 668 1147 qui
679 1080 849 1148 praeerant,

53 1148 229 1228 gerebatur.

56 1298 60 1304 ¹
100 1228 165 1288 ltt.
197 1227 306 1287 Forma
336 1237 434 1288 tamen
459 1229 661 1289 Romanorum
683 1238 849 1289 castrorum

58 1307 209 1369 constabat
226 1308 284 1368 und
303 1308 338 1366 eti
350 1328 425 1388 spe,
445 1310 523 1387 quud
541 1309 674 1385 tribunos
694 1331 731 1368 ex
743 1321 849 1369 conta-

58 1390 148 1466 gione
163 1386 272 1447 furoris
292 1388 520 1468 baudexpertes
535 1388 692 1450 seditionis
708 1389 851 1450 deiectio-

60 1471 165 1548 nisque
183 1470 240 1528 rati
259 1466 344 1539 fore,
360 1479 389 1526 et
406 1470 470 1545 jura
488 1468 613 1530 reddere
635 1472 668 1527 in
688 1469 849 1549 principiis
942 1532 949 1539 ,

61 1550 222 1621 sinebant,
245 1560 275 1606 et
300 1549 417 1625 signum
444 1550 478 1608 ab
505 1551 548 1606 eis
575 1549 741 1628 petebant,
766 1561 796 1608 et
817 1551 849 1608 in

61 1634 203 1691 stationes
228 1648 262 1689 ac
285 1629 404 1707 vigilias
430 1630 462 1687 in
486 1628 621 1689 ordinem
644 1629 728 1688 ibant
754 1650 760 1688 :
790 1639 850 1702 et,

55 1711 94 1770 'ut
113 1711 173 1770 vim
193 1709 315 1790 imperii
336 1710 537 1780 abstulerant,
558 1711 600 1768 ita
616 1709 747 1789 speciem
764 1707 849 1781 dicto

58 1788 250 1871 parentium,
276 1788 352 1850 ultro
375 1789 433 1850 sibi
455 1791 658 1871 imperantes,
683 1791 848 1855 servabant.
888 1829 891 1835 -

59 1871 166 1950 Erupit
182 1868 291 1929 deinde
308 1869 441 1940 seditio,
456 1881 613 1951 postquam
628 1870 850 1949 reprehendere

61 1962 148 2029 etque
173 1952 345 2030 improbare
369 1951 501 2012 tribunos
521 1971 558 2008 ea
581 1971 644 2028 quae
660 1949 791 2023 fierent,
817 1962 849 2015 et

62 2029 163 2090 conari
177 2029 297 2090 obviem
312 2031 378 2102 ire,
399 2039 429 2087 et
443 2027 596 2109 propsldrn
613 2030 743 2090 abnuere
765 2032 849 2092 furo-

61 2111 105 2170 ris
128 2128 231 2168 eorum
254 2128 285 2168 se
308 2110 421 2170 futuros
448 2110 569 2183 socios,
595 2122 756 2173 senserunt.
789 2111 860 2173 Fu·-

58 2189 137 2268 gatis
164 2191 267 2268 itaque
289 2210 325 2252 ex
350 2187 535 2270 principiis,
563 2209 596 2250 ac
651 2202 696 2251 ost
714 2189 804 2285 panib
829 2192 849 2250 d

61 2269 187 2342 castris,
203 2269 348 2344 tribunis,
366 2269 401 2329 ad
417 2269 567 2350 principes
587 2210 764 2346 seditionis,
780 2293 851 2351 gre·

53 2350 160 2433 ,garios
180 2349 314 2422 milites,
337 2348 464 2411 delatum
480 2353 614 2410 omnium
631 2370 773 2412 consensu
789 2355 850 2411 irn-

60 2432 179 2513 perium
192 2441 245 2492 est.
267 2431 327 2511 Qui
342 2451 522 2510 nequaquam
537 2431 701 2493 tribunitiis
716 2435 850 2493 contenti

62 2512 266 2584 ornamentis,
293 2510 420 2589 insignia
447 2514 538 2572 etiarn
565 2514 672 2572 summi
701 2512 851 2592 imperii,

55 2588 158 2652 'fasces
175 2610 350 2669 securesque
373 2601 529 2652 attrectare
547 2594 611 2652 ausi
630 2614 637 2652 ι
657 2612 752 2687 neque
769 2594 852 2655 venit

61 2672 94 2732 in
115 2682 264 2745 mentem,
286 2672 347 2731 suis
365 2673 456 2750 tergis
473 2670 593 2752 suisque
606 2672 771 2734 cervicibus
792 2675 852 2734 vir·

61 2770 114 2832 gas
129 2751 197 2812 illas
215 2770 390 2832 securesque
406 2753 583 2827 imminere,
604 2773 675 2836 quas
688 2753 722 2814 ad
735 2765 851 2817 metum

55 2833 191 2916 aliorum
229 2831 391 2895 raeferrent.

104 2914 154 2980 lV.
219 2914 269 2974 tim
294 2912 369 2974 alios
392 2912 516 2976 subinde
541 2925 675 2995 recentes
700 2915 849 2991 nuncios,

57 3013 124 3053 non
141 2995 245 3055 mortis
263 2994 378 3067 rnodb,
400 2993 454 3056 sed
476 2996 569 3056 etiarn
589 2995 702 3057 funeris
722 3014 851 3076 exspec-

11 3082 13 3086 ’
61 3083 180 3146 tarent,
197 3094 292 3154 neque
312 3073 520 3158 superveniret
534 3076 710 3155 qnisquam,
727 3095 851 3136 evanes-

61 3165 203 3233 ceretque
220 3158 330 3214 temere
346 3168 428 3216 ortus
443 3175 560 3227 rumor;
594 3167 655 3216 tum
672 3157 762 3235 primi
779 3175 852 3218 auc-

64 3247 145 3294 tores
157 3234 269 3314 requiri
281 3237 373 3317 coepti
387 3260 395 3296 ι
412 3247 444 3296 et
456 3235 644 3296 subtrahente
659 3257 691 3296 se
709 3256 826 3317 quoque
840 3278 853 3309 ,
947 3238 951 3243 ’

68 3312 101 3373 ut
123 3314 250 3377 credisse
266 3317 371 3411 potitis
387 3316 524 3389 temeri,
546 3316 633 3395 quim
649 3315 770 3377 finxisse
786 3336 852 3378 rem

67 3395 158 3458 taleni
180 3394 277 3484 qidert
290 3408 418 3483 posset,
442 3395 582 3461 destituti
604 3397 697 3459 duces
717 3400 775 3471 iani
797 3414 855 3461 sua

665 3476 730 3542 1²6

896 3310 937 3543 t
