2016 3780
159 187 181 250 6
386 179 698 271 T1u1L1v13

158 282 220 353 tis,
247 280 446 343 Maharbalem
464 303 531 343 cum
548 285 697 362 equitibus
717 285 749 342 in
765 303 866 361 agrum
885 283 942 344 Fa-

158 361 273 420 lernum
290 363 449 443 praedatum
470 363 595 422 dimisit.
617 366 714 442 Usque
736 363 771 423 ad
785 362 833 440 (6)
854 382 943 440 aquas

158 441 350 502 Sinuessanas
376 443 530 521 populatio
553 464 587 502 ea
614 444 759 524 peruenit.
791 444 944 519 Ingentem

159 521 296 590 cladem,
322 522 421 599 fugam
439 535 539 582 tamen
556 535 757 601 terroremque
772 521 859 582 latitia
881 523 943 582 Nu·
973 573 979 581 .

159 600 250 660 midae
279 601 421 662 fecerunt.
451 605 514 663 Nee
534 607 684 682 tamenin
713 614 837 673 terror,
872 602 945 660 clim

160 681 260 741 omnia
281 681 360 741 bello
389 681 565 759 flagrarent,
592 681 649 741 fide
672 684 769 742 socios
791 683 944 740 dimovit:

159 760 300 820 videlicet
324 762 393 841 quia
417 765 494 839 iusto
526 776 558 821 et
586 763 738 822 moderato
765 762 945 840 regebantur

159 841 311 921 imperio,
328 862 382 901 nec
392 842 576 915 abnuebant,
593 844 669 923 quod
686 864 776 904 unum
794 839 945 902 vinculum

160 921 229 981 fidei
244 933 308 993 est,
339 920 512 982 melioribus
525 943 637 1001 parere.

36 991 149 1065 'seditio
201 1001 285 1064 Vltl.
313 1003 351 1062 Ut
374 1005 444 1061 veri)
463 1004 498 1063 ad
521 1003 701 1067 Vulturnum
719 1001 827 1060 flumen
851 1011 946 1061 castra

18 1065 150 1109 ananum

33 1112 112 1185 Fabii.

58 3232 102 3489 l

162 1082 366 1160 imposita,
394 1085 629 1163 exurebaturque
651 1083 867 1143 amoenissimus
888 1080 945 1139 lta·
987 1134 990 1139 .

161 1162 209 1222 liae
228 1181 314 1238 ager,
338 1161 474 1240 villaeque
491 1166 599 1244 passim
613 1161 759 1239 incendiis
778 1160 947 1232 fumabant,

162 1263 216 1325 per
230 1245 304 1321 juga·
324 1241 442 1302 Massici
458 1246 566 1303 montis
587 1244 678 1304 Fabio
702 1242 826 1302 ducente
849 1284 858 1312 ‚
881 1251 948 1299 tum

161 1325 257 1405 propri
281 1321 319 1379 de
333 1321 453 1401 integro
468 1323 577 1385 seditio
600 1343 744 1394 accensa,
775 1323 951 1400 quieverant

163 1406 244 1463 enim
269 1421 322 1481 per
340 1423 447 1482 pauctrs
472 1404 564 1463 dies:
593 1406 692 1483 quia,
723 1401 791 1462 cim
816 1399 952 1465 celerius

121 1532 123 1536 .
159 1483 253 1544 solito
267 1481 385 1542 ductum
400 1486 505 1562 agmen
517 1484 621 1545 fuisset
635 1484 789 1558 ,festinari
800 1481 834 1542 ad
847 1479 952 1560 prohi-

116 1569 126 1625 ζ
162 1564 290 1646 luendam
323 1564 566 1642 populationibus
596 1564 786 1644 Campaniam
815 1560 950 1622 credide·

163 1657 239 1704 rant.
257 1644 295 1703 Ut
315 1647 382 1703 verb
401 1645 432 1702 in
449 1657 579 1704 extrema
601 1647 670 1724 juga
693 1643 816 1703 Massici
836 1641 952 1700 montis

147 1738 284 1786 ¹ventum
301 1736 368 1796 est,
400 1725 557 1803 hostesque
577 1725 630 1784 sub
650 1722 868 1794 oculissimu,
891 1720 953 1782 Pa-

162 1805 240 1864 lerni
260 1803 325 1879 agri
343 1805 574 1884 colonorumque
593 1801 737 1864 Sinuessa
759 1814 836 1863 tecta
859 1820 954 1861 uren-

157 1888 230 1958 tes,
246 1883 457 1943 ascenaeret
472 1885 585 1944 mentio
601 1882 727 1964 pugnae,
748 1882 953 1962 Spectatumne

138 2004 142 2012 ·
164 1966 217 2026 bue
229 1965 356 2043 ,zinquit
368 1964 516 2027 Minucius
532 2009 541 2038 ,
568 1977 600 2024 ut
609 1986 666 2024 rem
668 1968 819 2036 fruendam
836 1961 954 2040 oeulis,

163 2049 300 2107 sociorum
327 2050 415 2106 eudes
438 2058 467 2106 et
496 2049 623 2108 incendia
643 2047 793 2106 uenimusi
819 2064 898 2115 nec,
925 2044 953 2101 si

164 2126 271 2188 nullius
291 2126 409 2187 alterius
435 2150 508 2199 noe,
544 2149 578 2186 ne
598 2129 697 2185 civium
713 2127 823 2207 quidem
849 2123 952 2182 horum

160 2213 251 2289 pudet
278 2251 287 2280 ,
322 2229 390 2288 quae
418 2207 578 2268 Sinuessam
605 2205 715 2266 colonas
737 2217 833 2284 patres
857 2205 953 2262 nostri

144 2316 146 2320 ·
165 2292 323 2357 miserunt,
352 2300 385 2345 ut
398 2292 434 2346 ab
452 2288 578 2348 Samnite
591 2286 669 2345 hoste
686 2299 747 2345 tuta
763 2287 821 2345 lrac
834 2305 884 2342 ora
903 2304 954 2342 es·

165 2372 245 2427 aeti
260 2367 379 2425 Tantum
400 2367 492 2446 (prola
508 2368 518 2425 !
534 2368 547 2439 )
567 2371 768 2443 degeneramus
787 2364 953 2439 aparenti-

165 2451 216 2507 bus
232 2450 356 2518 nostris,
382 2459 435 2521 ut,
461 2457 656 2526 preterquam
671 2467 748 2504 oram
766 2444 811 2504 itti
824 2445 952 2508 Punicas

156 2529 265 2607 uagari
288 2527 414 2599 classes,
442 2531 560 2588 dedecus
582 2547 642 2586 esse
659 2527 769 2606 imperii
787 2527 831 2585 sui
850 2529 949 2584 duxe-
976 2594 980 2601 Δ

143 2613 246 2680 ’νίκῃ
273 2631 335 2668 eam
351 2631 481 2676 nosnunc
496 2608 608 2689 plenam
626 2605 773 2676 hostium,
807 2603 977 2663 Numida-'

145 2708 280 2766 ·.rumque
315 2711 347 2746 ac
377 2689 542 2748 Maurorum
569 2690 628 2767 jam
654 2693 770 2761 factam
790 2687 949 2745 rideamus.

146 2766 339 2844 ·Qui1modd
368 2765 527 2848 Saguntum
557 2771 712 2848 oppugnari
735 2767 912 2847 indignanda
940 2808 950 2838 ,

164 2869 218 2906 non
244 2845 367 2905 domines
389 2849 495 2906 tantum
509 2875 530 2920 ,·
544 2854 594 2909 sed
610 2852 719 2918 federa
741 2858 772 2906 et
795 2850 862 2904 deos
890 2848 951 2916 cie-

163 2926 261 2987 bantus
277 2969 284 2997 ‚
307 2928 366 3006 (7)
379 2931 556 2986 scandentem
572 2931 672 2986 menia
689 2926 819 2986 Romana
830 2925 951 2984 coloniae

143 3006 328 3068 -ainnibalem
342 3005 422 3067 'lenti
444 3019 611 3087 spectamus.
637 3005 668 3064 Si
687 3006 736 3064 hoc
758 3009 837 3064 modo
860 3027 951 3086 pera·

144 3182 147 3193 .
192 3139 227 3205 6(
234 3138 331 3209 Aquas
339 3137 534 3202 Sinuessanas)
602 3133 951 3200 7(Scandentemrnoenia)

157 3207 242 3321 frop&
275 3205 428 3258 Sinuessam
461 3220 535 3273 aquae
571 3201 952 3263 Hocanimosiueestetviyi.

143 3271 230 3322 adro
256 3271 349 3322 calide
375 3312 382 3337 ,
419 3272 536 3326 celebres
570 3267 951 3336 dius,quimidquodhacte.

159 3339 369 3408 apudantiquoe.
568 3333 951 3401 nuseattosoccupaviqren
