2016 3780
194 154 466 224 Nannarao
513 146 703 219 xxvtt.
777 146 838 231 145

89 258 156 324 Ἢ.
181 256 354 318 Exanimsti
376 271 479 314 omnes
500 264 561 315 tam
581 252 672 312 atroci
692 249 840 330 imperio,

15 332 21 345 ⁹
57 358 114 399 nec
131 338 219 409 aliter
240 338 327 416 quam
343 338 373 394 in
389 354 420 395 se
437 335 560 414 quisque
582 332 754 393 destrictam
777 349 843 389 cer·

57 430 164 478 nentes
187 418 334 489 securim,
365 426 445 474 metu
470 414 565 493 magis
586 412 675 493 quarn
698 409 843 471 modestia

58 500 209 592 quievere.
227 496 348 578 ltaque,
366 494 427 573 (3)
442 494 521 554 uelut
535 512 651 555 emerso
666 492 701 552 ab
717 491 843 551 admita-

58 588 143 637 trone
169 570 288 650 animo,
319 575 388 636 crim
413 574 534 636 silentio
557 573 646 635 defixi
667 573 843 643 stetissent,

22 656 25 663 '
58 659 201 740 repente,
211 667 365 740 postquam
377 656 493 717 cervice
506 662 580 716 cest
590 654 671 715 fusus
684 654 843 723 est'cruor,

59 750 124 799 tum
139 736 236 799 libero
249 747 412 816 conquestu
426 747 535 796 coortas
552 754 639 795 voces
649 744 737 806 aunt,
751 743 783 793 ut
795 752 846 792 ne·

58 838 118 899 que
127 817 283 890 lamentis,
295 835 389 895 neque
401 816 641 877 execrationibus
652 823 843 896 parceretur:

59 898 226 979 spoliisque¹
240 907 408 959 contectum
425 897 539 976 juvenis
559 914 688 976 corpus,
704 892 845 972 quantine

58 977 241 1049 militaribus
254 976 360 1049 studiis
374 977 460 1037 funus
475 976 568 1037 ullum
580 973 778 1037 concelebrari
795 990 847 1055 po·

60 1068 137 1131 test,
154 1067 265 1119 structo
284 1068 377 1117 extra
390 1057 496 1117 vallum
516 1077 611 1137 roge,
632 1064 844 1115 cremaretur:

61 1136 266 1220 Manlimsque
292 1140 408 1219 imperia
432 1158 490 1199 uon
520 1138 553 1197 in
579 1134 734 1231 presentia
758 1131 846 1209 modo

60 1217 224 1289 horrenda,
241 1216 291 1277 sed
304 1216 434 1299 exempli
449 1221 538 1279 etiam
548 1218 642 1279 tristis
653 1219 847 1297 inposterum

62 1308 170 1357 essent.
198 1296 284 1358 Fecit
305 1307 402 1357 tsman
423 1301 561 1359 atrocitas
583 1317 681 1378 poenoe
705 1294 846 1356 obedien-

60 1378 171 1436 tiorem
194 1377 274 1441 duci
288 1376 442 1436 militem:
467 1390 524 1450 et,
549 1376 741 1458 praeterquim
767 1374 847 1457 quod

60 1455 205 1518 custodie
220 1454 389 1534 vigiliaeque
405 1464 434 1513 et
448 1456 523 1517 ordo
539 1458 693 1519 stationum
710 1457 848 1515 intentio·

46 1537 106 1597 ris
126 1535 236 1614 ubique
255 1552 331 1593 curae
353 1543 454 1606 erant,
474 1538 506 1594 in
521 1534 626 1597 ultimo
645 1536 734 1595 etiam
754 1546 849 1596 certa-

61 1617 168 1688 mine,
184 1612 256 1676 ctm
275 1612 454 1675 descensum
469 1616 500 1676 in
518 1616 614 1677 eciem
634 1625 700 1689 est,
722 1636 757 1675 ea
770 1634 849 1675 seve-

63 1697 138 1757 ritas
154 1695 276 1777 profuit.

75 1888 79 1897 ι
99 1857 115 1906 3
129 1855 232 1922 (Velut
241 1871 362 1918 emerso,
374 1855 439 1922 etc.)
473 1858 572 1930 Itaque
589 1858 652 1911 crim
671 1855 784 1910 silentio
799 1854 849 1907 de·

64 1923 130 1975 Haec
141 1922 191 1974 sibi
200 1940 257 1974 non
266 1923 332 1975 bene
342 1939 441 1975 conve-
465 1923 528 1995 fisci
541 1924 681 1977 stetissent
697 1960 705 1986 ,
717 1923 828 1991 repente'
838 1959 846 1983 ,

64 1991 154 2041 niunt.
165 1991 242 2040 Stant
252 1991 324 2039 enim
334 1989 441 2040 silentio
473 2006 617 2059 postquam
639 1990 749 2042 cervice
772 1991 850 2040 coesd

68 2052 443 2118 defixiquiadmirantunnon
469 2054 556 2125 fusus
582 2070 624 2106 est
646 2073 727 2106 cruor
736 2095 747 2130 Ι
777 2052 850 2103 vetut

69 2118 444 2184 quorumsmersusestabad-
479 2138 585 2171 emerso
613 2119 647 2170 ab
668 2117 851 2171 adrnzratione

71 2183 214 2234 miratione
229 2184 341 2234 animus.
359 2184 447 2234 Luxa—
479 2184 585 2245 animo,
608 2198 679 2249 tum,
696 2186 750 2234 sive
763 2183 852 2249 potius

71 2252 200 2301 tremesco
218 2249 308 2300 iocum
327 2251 447 2315 suspice·
480 2264 535 2300 tans
577 2248 665 2302 libero
703 2259 854 2319 conquestu

70 2333 147 2380 mur,
165 2318 257 2383 sicque
264 2317 355 2379 omnia
364 2317 394 2370 in
404 2335 447 2368 or·
479 2328 581 2372 coorto
599 2335 698 2387 voces,
717 2328 770 2379 etc.

71 2384 163 2436 dinem
200 2384 322 2437 revocari
344 2400 444 2453 ⁴posse.
