2062 3786
209 36 214 43 =
282 36 337 57 '¹¹:-
359 36 374 53 Υ.
409 36 427 43 ,.
454 36 530 57 '3⁸3'
546 36 567 45 3.
643 36 659 43 ..
683 36 713 41 --.

786 61 790 71 r

171 217 235 278 180
396 207 523 278 Trur
570 210 732 281 L1v11

165 311 274 393 scipio
292 310 360 374 clun
380 312 564 392 colloquium
579 314 657 374 ‘haud
680 316 852 392 abnuisset,
869 319 959 381 ambo

170 412 209 452 ex
235 395 403 475 composito
435 394 525 454 duces
558 405 649 454 castre
684 397 897 474 protulerunt,
925 412 959 459 ut

170 473 254 532 coire
271 495 307 533 ex
322 473 492 554 propinquo
510 485 649 553 possent,
673 475 776 556 Scipio
792 479 868 538 haud
886 501 959 560 pro-

170 553 219 615 cul
247 555 396 630 Nadagare
418 553 514 626 urbe,
547 564 609 613 turn
632 553 665 612 ad
690 567 789 616 cetera
811 556 880 618 loco
902 580 959 642 op-

113 668 115 674 ·
168 645 315 714 portuno,
333 646 396 697 turn
414 633 491 711 qubd
513 634 563 708 (1)
583 633 703 715 aquatio
719 637 795 697 lutri
814 639 867 697 teli
882 657 958 700 con-

168 717 280 792 jectum
308 723 392 786 erat,
422 711 566 773 consedit.
604 714 733 773 Annibal
761 718 906 777 tumulum
937 721 956 781 ὲ

168 803 294 870 quatuor
316 791 449 855 millibus
474 792 566 866 inde,
590 803 685 853 tutum
707 795 955 874 commodumque

168 870 298 950 alioqui,
323 874 381 933 uisi
401 873 477 952 qubd
496 873 664 951 longinquae
675 865 849 949 irquatiouis
863 887 949 947 eret,

65 1018 71 1023 ,
167 953 259 1032 cepit.
283 952 327 1012 lbi
350 954 381 1010 in
401 951 502 1010 medio
518 954 601 1010 locus
615 962 787 1028 conspectus
800 951 949 1032 undique,
984 949 988 955 ’

98 1066 101 1071 -
166 1031 204 1090 nri
224 1032 295 1110 quid
316 1031 487 1090 insidiarum
504 1041 602 1100 esset,
623 1027 764 1091 delectus.
813 1087 825 1104 ,

168 1130 175 1144 ·
206 1110 245 1173 ll.
267 1111 427 1172 Summotis
443 1109 509 1190 pari
528 1111 627 1191 spatio
645 1112 786 1183 armatis,
804 1130 871 1172 curn
888 1112 952 1172 sin-

164 1189 245 1270 gulis
271 1189 480 1272 interpretibus
503 1190 656 1269 congressi
683 1203 773 1263 sunt,
804 1211 862 1251 non
891 1212 952 1255 sure

164 1272 255 1332 modo
279 1274 373 1332 celatis
396 1271 518 1330 maximi
540 1270 656 1342 duces,
683 1270 732 1330 sed
756 1265 853 1331 omnis
882 1274 951 1333 ante

164 1370 196 1412 se
218 1351 388 1424 memoriae,
416 1351 548 1412 omnium
572 1353 733 1430 gentium,
761 1351 887 1413 cuilibet
902 1349 975 1412 re-'

161 1450 233 1507 gum
264 1433 514 1512 imperatorumve
552 1452 649 1511 pares.
691 1432 848 1511 Paulisper
877 1433 953 1493 alter

162 1510 284 1571 alterius
313 1523 474 1594 conspectu
501 1511 698 1574 admiratione
726 1513 828 1585 mutui
854 1513 951 1596 prope

160 1592 297 1664 attoniti,
317 1593 495 1654 conticuere.
892 1626 895 1631 ·

38 1672 152 1745 ᾏΜίὒᾳ·
202 1672 258 1733 ΙΙΙ.
280 1673 357 1734 Turn
376 1672 503 1737 Annibal
522 1675 626 1754 prior,
651 1675 683 1737 Si
698 1676 748 1735 boc
763 1675 803 1735 itai
812 1679 879 1747 fata
896 1679 949 1735 da-

30 1736 221 1816 ²¹⁵⁰'⁰²'⁰*ium
237 1767 321 1830 erat,
346 1767 395 1827 at,
420 1758 472 1837 qar'
486 1758 594 1836 primus
611 1755 714 1817 baliam
739 1756 834 1815 intuli
844 1754 948 1835 papale

161 1835 308 1909 Romana,
338 1839 440 1918 quique
465 1838 548 1896 toties
567 1835 653 1916 propi
669 1834 696 1896 r'n
718 1835 845 1895 manibus
861 1841 947 1895 victa-

162 1920 233 1976 riam
249 1917 359 1990 bebai,
386 1921 411 1975 is
434 1916 509 1974 altri
530 1921 568 1973 acl
579 1938 677 1996 pacem
698 1920 846 1994 petendam
869 1919 948 1976 ueni-

163 2019 220 2058 rern
229 2019 240 2070 ,·
264 1998 344 2057 lator
363 2009 392 2057 te
411 1996 480 2055 anilii
499 2006 576 2063 sorte
589 1995 766 2074 potissimam
787 2000 907 2068 dotum,
929 1995 948 2053 ai

162 2100 216 2160 qua
232 2089 367 2157 peterem.
402 2075 468 2135 Tibi
485 2094 593 2155 quoque
618 2079 691 2134 inter
712 2075 802 2135 muita
827 2079 947 2159 egregia
1000 2142 1007 2153 ἱ

162 2181 216 2218 narr
234 2160 261 2217 in
279 2158 388 2217 ultimis
412 2155 524 2215 laudam
542 2155 591 2213 bac
607 2157 699 2226 faerit
717 2199 726 2228 ,
754 2155 945 2229 Annibalem,

163 2241 218 2308 cai¹
232 2249 274 2298 tat
292 2241 328 2296 cle
347 2239 480 2297 Romanis
500 2234 614 2294 dacibus
635 2238 778 2294 uictoriam
797 2240 837 2296 dii
856 2240 948 2296 cledis-

164 2330 252 2391 sent,
282 2317 334 2377 ribi
356 2318 472 2376 cessisse
484 2335 496 2388 ,⁶
528 2327 609 2394 teque
628 2316 699 2375 buia
727 2314 820 2387 belia,
847 2320 949 2377 restris

145 2396 239 2482 'priris
259 2397 342 2479 purim
363 2399 466 2456 nostris
487 2394 612 2454 cladibus
633 2398 690 2454 insi
710 2399 758 2467 ni,
778 2399 867 2471 finem
891 2400 949 2454 im·
1012 2446 1015 2451 .

162 2481 298 2562 posuisse.
329 2478 390 2554 (2)
414 2477 473 2536 Hac
491 2496 598 2556 qaoque
619 2417 770 2534 ludiiriam
792 2476 870 2532 castis
887 2478 948 2532 edis

152 2562 239 2620 'derit
246 2564 366 2632 fortuna
382 2600 391 2629 ,
410 2568 444 2615 ut
462 2575 522 2614 carn
537 2566 619 2634 patre
638 2567 685 2614 trra
703 2553 813 2613 consule
825 2557 949 2632 ceperim

164 2661 265 2712 arma,
294 2641 472 2698 carneadem
493 2637 611 2715 primrirn
634 2636 757 2695 Romana
778 2636 950 2712 imperatore

163 2723 246 2799 signa
274 2718 460 2789 contulerim
492 2721 531 2775 ad
553 2715 650 2791 filiam
677 2719 736 2796 ejas
767 2718 882 2774 inermis
908 2718 949 2774 ad

158 2820 262 2882 pacem
277 2803 426 2879 petendam
445 2799 564 2855 veniam.

204 2879 258 2940 lv.
285 2879 427 2959 Optimum
452 2879 564 2958 quidem
581 2883 702 2950 suerat,
734 2895 796 2934 eam
816 2872 947 2954 patribus

163 2963 266 3022 nostris
292 2971 412 3019 mentem
436 2962 533 3018 datam
552 2956 589 3016 ab
612 2960 668 3016 diis
685 2977 764 3028 esse,
792 2966 828 3013 ut
848 2967 878 3015 et
899 2977 947 3016 vas

200 3119 210 3150 r
231 3102 241 3166 (
252 3099 376 3168 Aquario
394 3097 467 3151 intra
486 3093 536 3146 reti
603 3111 619 3144 n
643 3095 723 3158 (Hoc
741 3111 850 3161 quoque
871 3093 948 3148 luali-

162 3167 315 3237 conjectum
322 3164 482 3231 erat)Aque
491 3178 536 3228 pe·
569 3158 658 3212 briaae
671 3161 769 3227 carris)
790 3160 868 3212 Hunc
881 3178 947 3229 quo.

161 3233 286 3286 rebaturi
299 3233 406 3284 llunrine
422 3231 534 3282 vetrivo
569 3245 619 3298 que
639 3228 769 3278 ludicrum
790 3244 880 3279 casum
898 3245 947 3278 ve-

160 3302 284 3368 propiore
316 3301 426 3362 castris,
455 3297 535 3367 quim
569 3293 945 3363 lutjocstafortunaedidisse

95 3420 98 3426 4
161 3381 275 3435 quesitus
286 3379 326 3420 est
339 3369 385 3420 teli
395 3365 535 3436 conjectus
568 3365 652 3418 videri
666 3374 752 3434 quest.

580 3552 598 3578 ρ
