2016 3780
147 191 207 264 πμ
365 179 497 251 Tm
543 179 695 251 Lrvr1

142 280 351 355 Locrensibus,
375 283 462 344 dixit.
484 286 600 345 Romam
628 288 772 344 mitterent
797 280 944 363 legates!

141 385 228 501 zum
254 377 368 424 senatus
386 387 492 446 equum
514 369 687 435 censuisset,
704 386 764 423 eenz
781 369 944 434 fortunent

163 443 295 503 abituros.
311 443 387 505 tttna
401 447 472 503 satis
489 449 577 516 scire,
605 448 659 503 etsi
684 443 758 503 male
775 448 811 502 de
824 444 936 524 populo

145 524 270 581 Romano
293 527 387 584 meriti
407 538 517 596 essent,
532 529 559 582 in
573 523 687 584 meliore
706 536 784 583 statu
809 529 864 582 snb
880 529 938 582 r'ra·

144 604 183 660 tis
200 603 332 661 Romanis
349 607 488 675 futuros,
510 605 592 684 qntirn
615 603 665 662 sub
684 607 783 662 amicis
807 602 941 663 Cartha-

144 680 438 758 giniensibnsfnerint.
450 685 519 764 Ipse
531 686 570 764 Q.
585 683 735 742 Plemenio
744 681 849 759 legato
863 703 958 764 prae--
980 718 983 723 ·

145 759 282 839 sidioqne
297 761 376 840 quod
401 784 498 824 arcem
521 762 642 844 ceperat
659 807 667 836 ,
684 763 876 823 adtuendam
895 782 945 821 ur-

148 838 215 898 bem
229 842 355 916 relict0,
372 864 439 905 cum
458 846 565 926 quibus
579 857 698 905 venerat
715 843 813 924 copiis
829 887 839 916 ‚
855 843 942 904 Mes·

101 974 106 983 .
149 937 251 979 sanam
267 923 392 1003 trajecit.

36 1057 43 1068 ο
53 997 141 1047 Pteni-

20 1073 71 1106 lfflS

20 1118 91 1177 prees.

20 1178 105 1227 Locris

20 1236 115 1282 trudeli-

20 1306 52 1346 ΝΥ
64 1313 88 1343 St
98 1312 144 1364 ge·

20 1359 58 1405 rit.

194 1000 231 1061 11.
246 1002 290 1063 lta
301 1003 426 1085 superbe
443 1014 473 1063 et
489 1002 649 1064 crudeliter
663 1003 755 1064 habiti
771 1002 942 1062 Locrenses

154 1078 172 1140 ὲ
194 1081 490 1162 Carthaginiensibus
507 1096 575 1167 post
605 1085 801 1145 desectionem
827 1084 868 1142 ab
881 1083 941 1143 Ro-

156 1163 251 1222 manis
269 1163 403 1239 fuerant,
420 1176 453 1224 nt
476 1165 606 1225 modicas
634 1165 756 1245 injurias
781 1166 843 1222 non
857 1182 940 1242 aequo

156 1243 243 1302 motti
262 1247 360 1305 animo
379 1247 465 1325 pati,
490 1245 539 1306 sed
556 1246 652 1326 prope
670 1245 785 1304 lubenti
796 1252 939 1324 possent.

156 1323 267 1385 Veritm
282 1326 434 1385 enimver'o
449 1327 561 1386 tantiam
579 1325 739 1385 Pleminius
752 1323 939 1385 amilcarem

175 1403 288 1463 raesidii
298 1403 488 1485 praefectum,
504 1406 616 1467 tanttnn
630 1403 807 1488 praesidiarii
823 1403 940 1463 militet

150 1423 278 1544 Romani
294 1487 398 1546 Poenos
411 1488 524 1548 scelere
539 1498 626 1566 atque
640 1483 764 1549 avaritia
779 1503 941 1564 superave-

149 1577 217 1624 runt
230 1611 239 1637 ‚
252 1578 284 1626 ut
298 1586 355 1626 non
370 1569 478 1640 armis,
494 1568 545 1635 sed
561 1567 640 1627 vitiis
656 1565 805 1628 videretur
817 1563 940 1624 certari.

148 1645 235 1708 Nihil
263 1649 396 1707 omniunt
418 1692 427 1720 ‚
451 1649 599 1728 quanta)
621 1648 705 1729 inopi
733 1647 843 1705 invisae
868 1663 941 1727 opes

148 1728 327 1802 potentioris
354 1727 466 1789 faciunt
490 1772 500 1801 ‚
520 1732 759 1809 praetermissum
784 1727 815 1785 in
848 1725 939 1809 oppi-

150 1804 242 1865 danos
266 1819 311 1867 est
334 1808 369 1868 ab
385 1808 460 1868 duce
474 1809 726 1869 autamilitibus.
756 1807 789 1866 In
811 1825 942 1888 corpora
966 1829 971 1834 ·

150 1884 304 1963 ipsorum,
321 1889 352 1944 in
374 1885 503 1959 liberos,
517 1890 548 1945 in
565 1891 706 1968 conjuges
718 1887 848 1954 infandae
865 1905 941 1945 con-

150 1964 280 2026 tumeliae
301 1967 399 2028 editae.
425 1968 500 2028 Nam
516 1968 638 2029 avaritia
653 1991 690 2029 ne
704 1986 855 2029 sacrorum
869 1966 941 2045 qui-

148 2046 217 2106 dem
231 2047 409 2127 spoliatione
426 2047 591 2128 abstinuit:
610 2069 665 2111 nec
680 2051 738 2111 alia
759 2047 852 2107 modi>
867 2057 941 2109 tem·

151 2127 204 2210 pla
221 2128 325 2189 violata
339 2174 348 2203 ‚
365 2127 416 2191 sed
429 2129 615 2212 Proserpinae
629 2131 720 2190 etiam
733 2127 836 2194 intacti
856 2125 940 2186 omni

151 2219 236 2268 atate
258 2209 411 2284 thesauri;
446 2223 641 2290 preterquam
665 2208 748 2290 quid
768 2207 784 2268 a
804 2207 940 2288 Pyrrho,

153 2292 203 2366 (3)
216 2288 267 2369 qui
282 2310 349 2351 curn
367 2309 475 2367 magno
493 2288 612 2370 piaculo
628 2289 780 2367 sacrilegii
804 2288 849 2348 sui
878 2306 942 2348 tna-

150 2373 260 2430 nnbias
282 2371 408 2442 retulit,
428 2371 551 2450 spoliati
566 2368 746 2431 dicebantur.
769 2369 850 2447 Ergo
863 2369 943 2429 sicut

148 2452 222 2510 ante
246 2450 336 2528 regiae
357 2469 445 2509 naves
476 2448 614 2510 laceratoe
644 2449 829 2526 naufragiis,
862 2445 944 2508 nihil

153 2533 185 2591 in
209 2540 315 2589 terram
354 2530 485 2607 integri,
505 2542 611 2611 preter
638 2549 750 2589 sacram
779 2531 944 2610 pecuniam

153 2612 242 2683 dene,
259 2630 344 2689 quam
360 2610 565 2692 asportabant,
582 2612 769 2670 extulerant:
789 2621 851 2668 turn
871 2629 944 2690 quo·

95 2728 101 2743 ·
153 2712 211 2771 que
227 2696 274 2767 (4)
292 2692 352 2753 alio
372 2711 481 2770 genere
506 2689 597 2752 cladis
619 2690 723 2751 eadem
741 2689 791 2750 illa
806 2710 943 2825 lpecunia

154 2771 290 2831 omnibus
310 2774 455 2831 contactis
483 2773 519 2830 ea
544 2772 704 2832 violatione
725 2771 831 2849 tempi
857 2770 944 2830 furo-

155 2871 217 2912 rem
232 2850 364 2931 objecit‚
388 2863 474 2930 atque
493 2854 572 2912 inter
582 2873 614 2914 se
630 2853 734 2912 ducem
757 2853 788 2910 in
806 2849 944 2928 ducem,

155 2931 284 2994 militent
304 2931 335 2989 in
357 2931 583 2994 militemrabie
602 2933 705 2994 hostili
721 2933 817 2992 vertit.
839 2951 843 2958 ·

189 3065 233 3129 2(
253 3050 356 3179 Inopi?
378 3062 412 3117 Ei
434 3061 478 3129 qui
502 3079 530 3111 se
563 3061 624 3126 nis,
648 3061 737 3113 retulit
756 3061 786 3111 in
811 3063 944 3130 templum

156 3135 222 3188 tueri
249 3148 280 3182 ac
308 3131 339 3180 de
351 3129 444 3179 endere
476 3128 530 3179 suis
564 3129 650 3194 spotia
664 3146 720 3199 quae
729 3129 868 3199 sacrilegio
883 3131 945 3183 col-

157 3202 251 3270 npibus
270 3211 325 3249 non
342 3208 436 3262 potest.
563 3196 668 3263 legerat.
953 3202 958 3209 '

191 3272 205 3320 3
229 3268 239 3333 (
260 3265 318 3335 Qui
345 3283 405 3317 crnn
429 3279 530 3342 magno
597 3261 942 3343 4(Aliegenerecladr‘s)

20 3374 22 3383 .
82 3384 89 3399 ‚
156 3334 295 3402 piaculo)
326 3330 381 3396 Qui
409 3347 530 3396 expensis
564 3329 945 3404 Sumensexsacnlegieaiittd
985 3372 990 3381 ,

156 3396 533 3485 ‘ratissimieproecelerepn
564 3400 752 3479 poenaegen‘us.
