2016 3780
128 197 192 275 184
352 188 691 261 T1s1L1v11

164 295 204 358 X.
219 291 363 355 Adversus
376 292 437 356 haec
452 296 613 373 imperator
628 293 773 353 Romanus
787 291 817 350 in
831 289 915 353 hamc

123 373 188 434 iere
210 375 568 456 sententiam-respondit.
601 373 665 434 Non
686 380 736 433 'me
756 372 914 445 saliebat,

124 455 273 529 Annibal,
301 461 436 516 adrentus
462 460 505 514 tui
529 477 577 535 spe
602 452 851 534 Carthaginienses
883 465 915 512 et

145 549 291 596 rasontem
308 540 479 596 induciarum
494 539 605 610 fidem,
624 548 654 594 et
672 557 747 615 spem
760 538 840 612 pacis
853 545 915 592 tur·

122 558 216 677 iesse.
238 615 334 697 Neque
355 628 385 674 tu
406 620 436 675 id
456 615 523 676 sani
539 615 722 687 dissimulas,
737 619 784 696 q'ui
797 619 835 673 de
846 635 915 672 con-

124 699 276 758 ditionibus
301 695 487 775 superioribus
511 699 590 775 pacis
619 698 712 754 omnia
734 694 915 765 subtrahas,

121 789 225 858 preter
239 798 271 837 ea
284 797 344 858 qua
354 778 520 856 jampridem
534 779 562 836 in
575 775 669 834 nostri
679 787 822 855 potestate
832 788 913 834 sunt.

126 854 253 918 Ceteririr
270 900 279 929 ,
296 860 368 917 sicut
383 859 436 916 tibi
449 879 521 916 cura
535 868 598 928 est,
620 860 723 916 sentire
743 860 816 914 cives
829 867 913 928 tuos,

122 951 226 1020 quanto
245 959 297 1019 per
319 949 347 997 te
368 959 450 997 onere
471 936 618 1016 leventur:
634 938 675 995 sic
694 937 762 995 mibi
782 933 914 994 laboran-

122 1023 187 1079 dum
211 1030 278 1090 est,
294 1016 350 1090 ni,
370 1039 431 1096 qua
453 1028 517 1075 tunc
536 1019 727 1096 pepigerunt,
748 1017 830 1093 hodie
850 1014 914 1074 sub-

31 1146 35 1151 .
122 1111 215 1173 tracta
237 1096 439 1163 conditionibus
457 1100 558 1176 pacis,
578 1100 695 1175 promia
713 1099 836 1177 perfidia
853 1098 914 1168 ⁴iza-

123 1177 217 1241 beant.
240 1177 353 1258 indigni
372 1176 473 1314 puibus
493 1182 590 1236 eadem
602 1189 702 1256 pateat
717 1179 859 1250 conditio,
881 1189 914 1238 ut

123 1263 210 1325 etiam
229 1264 319 1341 prosit
339 1280 369 1316 vo
388 1260 414 1316 is
428 1262 538 1329 fraus,
557 1260 666 1337 petitis.

163 1365 221 1428 xl.
249 1363 347 1444 Neque
373 1373 472 1442 patres
492 1366 590 1421 nostri·
600 1363 708 1440 priores
729 1366 764 1422 de
787 1360 911 1437 Sicilid,

124 1467 211 1527 neque
225 1465 275 1504 nos
292 1448 327 1503 de
345 1438 482 1521 Hispania
498 1446 619 1514 fecimus
640 1441 753 1503 beilum.
782 1446 795 1518 (
805 1443 854 1518 8)·
871 1446 913 1505 Et

124 1539 189 1588 tunc
203 1525 439 1611 Mamertinorum
450 1528 582 1582 sociorum
597 1522 772 1602 periculum,
788 1536 819 1584 et
839 1547 912 1586 nunc

125 1607 248 1687 Sagunti
270 1607 426 1666 exscidium
448 1602 525 1663 nabis
541 1605 590 1684 pia
609 1626 642 1662 ac
660 1607 737 1685 justa
759 1607 913 1669 induerunt

123 1710 214 1748 arma.
240 1686 296 1748 Vos
313 1687 476 1754 lacessisse,
497 1698 528 1745 et
548 1698 579 1744 tu
600 1685 659 1763 ipse
671 1689 804 1759 fateris,
824 1702 856 1748 et
870 1692 912 1750 dii

123 1780 211 1831 testes
226 1781 314 1827 sunt:
332 1770 380 1846 qui
400 1777 427 1825 et
448 1763 527 1826 iliius
548 1763 617 1824 betti
637 1769 748 1826 exitum
760 1773 909 1831 secundim

118 1851 167 1927 jus
180 1853 285 1928 sasque
306 1851 468 1918 dederunt,
500 1857 529 1906 et
549 1845 630 1923 hujus
650 1851 719 1906 dant
740 1859 769 1907 et
789 1852 907 1910 dabunt.

125 1928 207 2006 Quod
227 1933 265 1985 ad
285 1947 329 1984 me
349 1930 484 1995 attinet,
522 1937 553 1983 et
579 1924 704 1984 humana
732 1930 908 2000 infirmitatis

120 2007 256 2076 memini,
272 2016 302 2064 et
322 2007 374 2063 rim
390 2009 513 2076 fortune
533 2016 653 2081 reputo,
676 2020 705 2066 et
725 2012 818 2068 omnia
835 2032 910 2092 qua·

121 2108 238 2167 cumque
256 2088 368 2164 agimus
387 2084 512 2166 subjecta
534 2106 594 2144 esse
615 2085 695 2145 mille
717 2087 828 2146 casibus
842 2093 909 2151 scio.

122 2166 271 2239 Ceterim,
287 2170 512 2246 quemadmodum
523 2163 647 2264 superbi
664 2179 692 2226 et
711 2168 850 2229 violenter
863 2192 911 2232 me

116 2251 228 2320 faterer
245 2251 368 2318 facere,
396 2250 421 2306 si
430 2247 598 2382 priusquam
621 2255 649 2306 in
672 2248 799 2321 Africam
820 2252 909 2334 traje-

122 2330 219 2389 cissem
241 2368 255 2400 ,·
279 2340 307 2386 te
328 2327 376 2386 tud
397 2348 427 2383 uo
442 2336 539 2382 untate
559 2330 701 2387 cedentem
728 2326 815 2389 Italici
838 2375 848 2404 ‚
879 2346 911 2394 et

121 2411 250 2490 imposito
269 2409 297 2464 in
320 2425 402 2463 naves
422 2406 572 2476 exercitu,
594 2407 683 2484 ipsum
701 2411 855 2470 uenientem
870 2417 909 2472 ad

119 2509 217 2568 pacem
239 2487 388 2564 petendam
420 2504 585 2562 aspernarer
598 2505 610 2556 ,·
639 2489 679 2545 sic
707 2510 810 2560 nunc,
846 2494 905 2552 rdrrr

118 2567 205 2648 propi
224 2587 306 2623 manu
327 2564 453 2624 conserti
473 2567 648 2623 restitantem
667 2589 700 2627 ac
716 2571 908 2646 tergiuersan-

121 2659 178 2708 tem
198 2648 225 2705 in
242 2644 367 2719 Africam
382 2649 572 2719 attraxerim,
595 2644 674 2705 nulid
687 2669 746 2707 sum
762 2649 814 2708 tibi
828 2673 911 2713 rere·
993 2700 996 2706 .

155 2797 496 2866 8(EtmncMamertino-
529 2800 633 2854 vetusti
672 2821 733 2856 cum
775 2804 910 2861 Romanis

121 2869 201 2932 rum)
219 2863 428 2931 Scipiohicsuae
440 2865 496 2918 Ro·
528 2871 655 2922 societate
688 2870 774 2939 juncti
807 2889 883 2927 erant
896 2916 908 2942 ,

121 2949 310 3000 marsorumque
322 2949 408 2984 cauere
417 2935 494 3000 grati-
528 2949 554 2987 et
580 2938 613 2987 ab
642 2938 837 2991 immanitatem
862 2943 908 2993 in-

120 2998 222 3052 ficatur.
241 3001 361 3050 Romana
373 3001 445 3049 enim
457 3017 495 3051 ar·
526 3000 708 3072 justitiamque
727 3043 733 3066 ,
760 3007 813 3074 qud
831 3011 929 3065 Mes·.

121 3083 165 3117 ma
190 3068 217 3116 in
242 3066 363 3118 Siciliam
385 3068 495 3119 vocarit
527 3084 619 3122 sanam
649 3073 781 3124 veteribus
813 3077 906 3128 culto-

121 3135 203 3199 magis
216 3133 307 3182 nimiae
318 3131 371 3200 jam
384 3133 495 3184 Cartha·
527 3136 604 3189 ribus·
639 3139 788 3192 ademerant
811 3179 819 3205 ,
856 3161 907 3210 pa-

121 3201 280 3267 giniensium
298 3201 424 3266 potentiae
442 3219 495 3253 me·
527 3202 584 3255 rium
620 3207 683 3259 sanir
721 3208 794 3278 digni
828 3225 908 3265 eraut

121 3278 163 3316 ms
178 3305 185 3331 ,
214 3266 293 3335 quim
321 3269 493 3320 Mamertino·
527 3272 636 3329 auxilio.

120 3348 179 3384 rum
210 3351 326 3402 preces,
362 3337 421 3410 qui*
441 3353 493 3390 nec
