2016 3780
172 224 219 303 ’44
338 214 530 287 ···T·1·c1
577 214 734 289 sttt

173 320 285 382 finibus
299 318 450 387 Romanis.
466 318 590 408 Leqqtis
605 319 788 401 captivorum
797 323 911 377 senatus
923 312 960 375 ab

175 402 320 463 dictatore
334 400 490 467 datusest.
556 402 564 467 ζ
624 434 651 479 Η·
740 400 752 471 ’,

60 507 165 557 senatus
219 480 295 544 LVl.
316 477 488 558 Quanquam
519 474 639 535 Patruini
666 474 783 561 quoque
802 474 961 557 plerosque

48 578 140 635 causet·
178 559 285 642 captivi
301 559 474 637 cognatione
497 557 705 634 attingebant,
725 567 832 635 proter
857 574 962 631 exem-

48 637 167 685 ‘al‘¹¹'⁰⁸·
178 640 259 722 plum
279 638 410 698 civitatis
423 634 547 697 minime
558 638 590 696 in
605 637 741 717 captivos
756 632 897 715 jamiude
912 654 963 695 an-

48 698 166 794 lilim‘ss‘
178 719 303 801 tiquitds
327 716 531 795 iqdulgentis,
550 718 690 797 pecuniae
706 736 823 799 ¹quoque
849 734 965 774 summa

48 803 102 852 «tes.
178 802 314 863 homines
340 800 451 857 mouit:
469 795 538 875 quia
562 815 617 856 nec
633 796 766 857 aererium
784 794 964 867 exhaurire,

176 880 283 958 magni
293 880 352 957 jam
366 877 478 936 summi
489 877 608 954 erogati
617 876 649 935 in
658 896 757 937 servos
768 875 808 937 ad
821 876 964 935 militiam

177 958 320 1022 emendos
341 955 554 1036 armandosque
570 1001 580 1031 ,
595 976 650 1018 nec
670 955 847 1017 Annibalem
868 955 964 1016 maxi·

177 1042 226 1102 me
253 1039 375 1117 hujusce
400 1037 443 1096 rei
456 1080 465 1109 ‚
480 1037 603 1097 utlaius
623 1048 686 1097 erat
700 1083 709 1112 ‚
727 1048 863 1116 egentem
878 1036 963 1096 locu·

177 1121 289 1203 pletori
316 1118 462 1177 volebant.
500 1117 578 1179 Citm
607 1119 692 1177 triste
707 1136 882 1199 responsum
903 1134 965 1199 non

178 1200 287 1262 redimi
304 1199 436 1277 captivos
451 1195 597 1258 redditum
608 1211 704 1279 esset,
716 1216 866 1278 novusque
875 1214 965 1279 super

179 1286 309 1339 ueterem
320 1277 421 1337 luctus
436 1288 479 1338 tot
491 1278 603 1356 jacturis
618 1280 729 1339 civium
742 1276 857 1340 additus
869 1286 966 1346 esset,

181 1378 250 1419 cum
265 1359 379 1437 maguis
406 1356 524 1418 fletibus
550 1360 760 1441 questibusque
791 1358 902 1438 legatos
930 1354 967 1416 ad

180 1452 297 1522 portem
310 1439 460 1521 prosecuti
484 1451 561 1499 sunt.

85 1535 169 1589 Ninia
224 1520 317 1587 LVll.
335 1522 417 1583 Unus
440 1540 477 1578 ex
504 1520 542 1580 iis
557 1519 676 1581 domum
695 1523 769 1582 sbiit
789 1510 892 1603 ‚quod
912 1512 967 1576 fal-

54 1599 144 1668 qattita
181 1602 241 1663 laci
257 1600 353 1662 reditu
368 1600 397 1659 in
409 1611 504 1660 castra
517 1601 706 1683 jurejurando
720 1623 754 1663 se
770 1600 968 1680 exsolvisset3

54 1672 172 1764 milli
182 1683 263 1762 quod
275 1681 328 1742 ubi
345 1682 475 1740 innotuit
487 1724 495 1751 ,
513 1681 700 1763 relatumque
714 1682 749 1745 ad
760 1678 893 1763 senatum
903 1689 946 1737 esl
958 1718 967 1745 2

55 1782 171 1846 serpena-
183 1781 285 1827 omues
314 1770 491 1821 censuerunt
516 1761 893 1841 „comprehendendum
925 1766 969 1821 ‚st

56 1846 101 1886 ⁸¹⁰·
184 1838 360 1902 custodibus
376 1837 496 1923 publice
517 1837 621 1923 datis,
637 1839 840 1921 deducendum
854 1839 895 1917 ad
909 1840 974 1919 sulus.

187 1921 404 1982 nibalemess‘e.
508 1960 510 1965 -
655 1976 658 1983 ,
778 1956 782 1965 -
900 1956 915 1987 ,-
960 1942 965 1965 ·
1001 1972 1006 1987 ,

62 2008 173 2079 Defensio
192 1994 195 2001 ‘
227 2000 336 2066 LVlll.
352 1999 472 2083 Quanti)
495 2011 594 2081 eutem
609 2004 703 2083 major
730 2001 797 2065 haec
812 1990 972 2079 clqdessuss

58 2079 172 2120 sucorum
186 2084 356 2169 perioribus
382 2078 513 2141 cladibus
540 2080 630 2143 luerit
645 2128 656 2158 ,
672 2084 769 2161 velqea
785 2103 832 2145 res
859 2082 975 2145 indicio

187 2176 234 2227 est
246 2209 254 2237 ‚
268 2162 345 2241 quod
361 2160 411 2242 qui
427 2161 576 2224 sociorum
589 2161 708 2245 adeam
724 2152 803 2243 diem
819 2165 897 2225 firmi
911 2176 973 2225 ste·

187 2255 299 2316 terant,
327 2255 389 2304 tum
422 2241 521 2302 labare
544 2256 716 2325 coeperunt,
740 2244 821 2305 nulld
836 2244 972 2327 prolectd

188 2326 249 2389 alit
273 2324 308 2383 de
336 2343 367 2381 re
393 2322 479 2399 quim
500 2323 752 2462 qubdqleqaerare
774 2325 979 2406 coeperantde-

186 2404 329 2485 imperio.
350 2403 413 2462 Nec
436 2413 533 2473 temen
549 2400 608 2483 hee,
620 2424 636 2464 c
650 2402 718 2471 ades
732 2405 978 2484 defectionesque:

189 2485 341 2546 sociorum
364 2491 520 2540 moverunt
534 2525 543 2554 ,
558 2496 591 2545 ut
614 2484 705 2566 paciq
716 2505 843 2566 unquam
860 2487 981 2547 mentio.

192 2563 269 2646 opud
292 2562 438 2625 Romanos
465 2559 555 2623 fierit.
591 2564 664 2644 Quo.
688 2565 720 2625 in
749 2580 883 2651 tempore
907 2570 981 2645 ipso¹

193 2645 270 2727 adeo
286 2662 395 2727 magno
415 2639 514 2702 animo
538 2644 643 2717 ciuitas
664 2642 743 2723 fuit,
761 2663 792 2710 ut
805 2646 920 2715 consuli
937 2666 979 2704 ex

192 2735 272 2782 tanta
288 2722 391 2794 clade,
415 2725 499 2798 cujus
516 2723 582 2803 ipse
598 2726 725 2787 maxima
745 2747 830 2790 causa
851 2724 984 2799 luisset,'

193 2800 327 2861 redeunt?
340 2842 351 2870 s
363 2810 394 2858 et
408 2800 525 2863 obvidm
539 2804 615 2866 itum
636 2808 804 2887 lnequenter
818 2806 856 2868 ab
879 2805 978 2864 omni-

195 2879 248 2942 bus
272 2878 433 2939 ordinibus
459 2880 526 2956 sit,
546 2895 577 2944 st
596 2888 699 2963 gratiae
723 2899 816 2960 ecte,
837 2886 915 2966 quod
938 2884 979 2945 de

193 2958 347 3039 republica
370 2977 428 3018 non
452 2960 643 3040 desperasset.
666 2966 724 3028 Cui
741 3011 751 3039 ,
771 2968 797 3028 si
819 2967 979 3043 Carthagi-

196 3039 343 3100 niensium
373 3038 480 3100 ductor
511 3038 643 3119 fuisset,
676 3046 754 3107 nihil
785 3047 979 3109 recusandum

196 3120 339 3203 supplicii
355 3120 439 3183 foret.

222 3202 318 3265 dlx.
340 3202 422 3262 Dum
447 3200 509 3263 liaec
532 3201 632 3266 Romae
655 3219 742 3287 atque
768 3208 799 3268 in
823 3206 910 3267 ltalia
924 3225 979 3284 ge·

198 3296 302 3344 runtur
316 3328 325 3357 ,
341 3284 465 3344 nuncius
488 3283 625 3344 victoriae
641 3288 676 3348 ad
694 3288 807 3351 Cannas
822 3287 985 3365 Carthagi-¹

197 3372 267 3441 bem
282 3372 399 3443 teneret
408 3363 500 3446 Mago
511 3363 669 3467 ¹Amilcasis
684 3368 762 3435 filius
777 3393 787 3447 i
810 3368 838 3432 is
864 3368 934 3431 clim
949 3384 980 3431 et
