2016 3780
92 136 137 269 γέ
320 176 437 249 Trrr
476 178 634 248 L1v11

90 281 229 343 destituta
252 283 433 360 exspectatio
450 293 516 355 est,
540 282 762 360 redintegratus
782 278 891 345 luctus

90 374 218 442 acceptae
246 363 359 434 cladis,
395 361 634 441 desideriumque
662 365 891 442 imperatorum

90 443 274 503 amissurum.
301 442 403 502 Moesta
428 445 526 521 itaque
551 444 655 515 cirins
676 445 771 522 prope
791 444 891 520 inops

90 523 209 583 consilii
235 567 243 591 ,
274 522 464 582 comitiorum
483 522 531 581 die
552 533 649 581 tamen
672 523 703 579 in
727 522 890 601 Campum

88 602 260 662 descendit:
285 614 371 681 atque
384 604 416 661 in
433 602 618 681 magistratus
634 604 711 661 versi
729 603 887 663 circuma-

87 691 205 762 pectant
224 700 277 740 ona
290 682 457 764 principum
479 727 488 754 ,
520 681 645 742 aliorum
664 681 738 763 alios
755 684 887 742 intuen-

88 765 184 833 tium,
204 760 414 841 fremuntque,
437 761 509 822 adeo
525 763 655 842 perditas
674 782 740 833 res,
774 761 887 844 despe-

88 854 243 919 ratumque
259 840 295 901 de
307 841 463 921 republica
479 860 563 915 esse,
587 853 618 902 ut
629 862 717 902 nemo
729 841 838 902 audeat
852 843 886 904 in

88 923 259 997 Hispaniam
272 922 433 997 imperium
446 924 592 1003 accipere.
670 938 674 945 ·

128 1002 167 1062 V.
187 1001 264 1062 Cum
289 1002 387 1061 subito
408 1003 439 1062 P.
458 1002 616 1063 Cornelius
630 1045 638 1072 ‚
651 999 758 1071 'Publii
776 1001 830 1078 qui
848 1001 884 1060 in

87 1082 232 1162 Hispania
250 1080 401 1142 ceciderat
427 1079 538 1157 filius,
567 1092 691 1160 quatuor
711 1092 741 1137 et
766 1080 883 1161 viginti

86 1162 180 1222 ferme
190 1181 279 1222 annos
293 1173 377 1222 natus
391 1206 399 1234 ‚
427 1161 578 1242 professus
591 1181 622 1220 se
635 1171 757 1241 petere,
782 1161 816 1220 in
831 1181 881 1221 su·

87 1245 205 1322 periore
226 1242 302 1300 unta
322 1242 454 1322 conspici
478 1254 576 1323 posset
592 1241 658 1300 loco
671 1241 820 1317 constitit.
843 1241 881 1300 In

87 1323 175 1402 quem
200 1333 353 1402 postquam
376 1322 507 1382 omnium
536 1342 587 1383 ora
610 1339 751 1382 conuersa
777 1331 881 1397 sunt,

88 1403 215 1475 clamore
235 1420 269 1460 ac
288 1401 389 1461 favore
407 1402 529 1461 ominati
548 1399 697 1481 extempio
715 1410 782 1458 sunt
801 1400 880 1461 felix

89 1483 274 1561 faustumque
295 1482 467 1562 imperium
485 1485 567 1547 Jussi
583 1480 689 1561 deindp
709 1481 788 1538 inire
814 1481 881 1541 suf·

86 1561 233 1640 fragium,
263 1561 297 1620 ad
312 1581 399 1620 unum
416 1581 518 1622 omnes
534 1583 592 1621 non
606 1561 745 1620 centuria
761 1561 874 1634 moto,

84 1643 234 1704 sedetiam
252 1641 386 1700 homines
402 1640 412 1712 ,’
434 1642 465 1700 Ρ.
482 1642 616 1724 Scipioni
632 1638 793 1722 imperium
809 1661 880 1702 esse

87 1723 116 1782 in
136 1722 279 1801 Hispani&
295 1723 452 1799 jusserunt.

126 1803 177 1862 VI.
202 1802 341 1862 Ceterum
359 1811 428 1879 post
444 1819 506 1858 reru
529 1809 621 1858 actam
634 1808 646 1871 ‚'
669 1809 700 1858 ut
719 1801 777 1877 jam
791 1820 877 1863 rese·

84 1881 167 1956 derat
185 1884 313 1959 impetus
329 1879 491 1938 animorum
514 1878 658 1959 ardorque
680 1922 688 1951 ,
719 1878 879 1942 silentium

86 1962 184 2025 subito
203 1971 299 2020 ortum
316 1971 346 2018 et
364 1957 453 2018 tacita
469 1957 616 2036 cogitatio
634 2001 642 2030 ,
669 1959 717 2037 (2)
729 1959 878 2037 quidnam

85 2045 216 2121 egissent
229 2041 317 2114 novi,
337 2036 416 2121 quod
427 2037 509 2098 favor
523 2037 762 2117 plusve-luisset,
784 2043 880 2118 quam

83 2125 169 2182 ratio.
195 2123 306 2183 AEtatis
329 2118 457 2180 maxims
470 2119 657 2200 poenitebat:
680 2117 801 2197 quidam
815 2121 879 2182 for.

82 2216 183 2271 tunam
197 2204 287 2261 etiam
300 2198 583 2261 dotatishorrebant
594 2242 606 2272 ‚-
622 2218 788 2277 numenque
803 2243 811 2273 ‚
835 2223 878 2263 ex

81 2283 207 2345 funestis
218 2282 331 2342 duabus
342 2278 465 2342 tamtttta
476 2304 495 2353 ,’
514 2280 546 2339 in
561 2280 804 2361 caspruninciaa‚
821 2283 878 2343 ubi

79 2467 182 2535 perium
201 2452 308 2532 aliquod
320 2454 382 2514 'vei'
398 2476 456 2513 ma·
469 2456 512 2512 ‘'si
532 2459 579 2511 ille
596 2463 764 2531 magistratus
779 2460 869 2514 facere

79 2537 213 2604 gistratum
237 2529 252 2583 ai
278 2529 380 2597 pupulo
411 2530 456 2595 p'e't
480 2541 621 2585 recusaret
635 2569 642 2596 ,
657 2547 686 2580 .a
706 2528 870 2581 cohorteris

79 2616 133 2652 tere
151 2601 179 2651 in
194 2598 284 2657 animo
303 2597 457 2661 habebant,¹
489 2596 656 2665 adipiscendi
713 2597 794 2659 scissa
812 2609 872 2649 erat

79 2663 456 2785 eoaoportehatfflrimitno-
490 2663 645 2717 candidato.
781 2656 808 2671 '⁰

77 2748 131 2787 tam

77 2800 151 2866 sitam
172 2800 366 2850 voluntatem:
404 2796 456 2848 uod
489 2797 657 2865 novt,quod)
669 2794 741 2847 Nihil
771 2801 870 2861 trioni,

76 2869 122 2938 qui
138 2865 275 2919 ¹faciebant
292 2893 302 2930 ,·
326 2814 457 2932 prcsttm'
489 2860 872 2926 cimincomitiiapopumri.

76 2940 200 2994 nonren,
227 2950 272 2983 sau
292 2930 453 2996 simpliciter
485 2929 551 2995 bue,
576 2930 608 2982 in
623 2926 866 2998 colluvioneuulgi

73 3000 202 3072 profiteri
214 2996 451 3050 dicebantur.'1'um
485 2995 546 3062 ptus
559 2994 633 3067 ypiet
677 2992 750 3074 atie,
780 2993 865 3058 quam

75 3085 187 3120 necesse
210 3079 286 3125 erat,
308 3077 336 3115 ut
360 3080 450 3114 eorum
484 3056 621 3112 meritum·
671 3058 736 3108 eiius
759 3059 866 3134 yidere.

75 3137 187 3187 numina
202 3134 331 3200 reciperet
339 3167 347 3194 ,
369 3144 395 3182 et
411 3147 452 3183 raa
484 3141 527 3179 tur
539 3146 546 3176 a
560 3123 700 3197 Quidnam
715 3133 866 3195 egissent!

76 3203 177 3253 tionem
200 3202 318 3269 ipsorum
344 3196 460 3248 haberet'
484 3182 739 3267 Nuin'farisr'piqs
756 3195 863 3250 ualuis.

79 3270 106 3317 r'n
125 3264 245 3336 giatsstua
255 3269 290 3330 ia,
310 3265 354 3333 qui
365 3264 452 3316 comi·
485 3270 544 3326 set',
568 3256 652 3333 patim
663 3256 764 3313 ratio!

87 3326 97 3346 C

74 3332 120 3386 tria
131 3329 451 3403 pracfumruserataquod
684 3346 698 3355 ··

165 2751 239 2784 acere
263 2730 363 2809 populo
384 2728 455 2783 hanc
485 2736 491 2746 '
521 2726 561 2808 a(
581 2729 722 2804 Quidnam
739 2720 874 2845 epissent
