2016 3780
118 157 181 222 118
340 147 466 218 Tine
512 146 668 217 Livia

115 263 214 313 temen
227 247 359 312 eamdem
373 250 550 325 habentem
569 251 607 313 tn
624 253 736 311 videant
748 251 901 328 magistre-

115 346 182 405 tue,
202 355 235 392 ne
255 334 322 413 quid
345 352 385 391 ex
397 334 561 413 perniciosis
579 329 703 391 consiliis
723 330 768 390 M.
790 327 902 388 Manlii

116 412 273 494 respublica
293 415 455 473 detrimenti
473 416 577 490 oapiot.
600 410 677 470 Turn
702 408 814 469 tribuni
832 425 903 475 con·

117 491 208 556 eulari
232 501 405 572 potestate,
436 491 610 568 tribunique
639 488 738 571 plebei
759 495 851 565 (nam
869 498 902 548 et

116 571 253 632 eumdem
280 581 397 630 et'suae
419 572 600 651 potestatis,
635 589 724 649 quem
753 568 902 630 libertatis

61 666 65 687 ¹
116 651 249 712 omnium
268 647 356 709 finem
380 651 563 723 cernebant,
586 651 704 711 Petrum
728 649 902 710 auctoritati

111 726 149 792 'eo
161 728 356 803 dediderant)
378 730 409 789 hi
423 743 486 790 turn
507 750 631 806 omnes,
651 728 721 812 quid
734 747 808 812 opus
822 727 904 790 lacto

116 812 176 880 eit,
201 811 423 870 consultant.

157 888 275 950 XXlll.
304 892 380 951 Cum
413 902 520 971 prtem
549 891 609 951 vim
639 901 671 950 et
690 888 798 951 cadem
823 885 904 947 nihil

117 968 256 1046 cuiquem
266 983 436 1030 occurreret
452 1015 461 1044 ‚
477 992 540 1032 eam
558 983 654 1032 autem
669 969 797 1048 ingentis
813 965 912 1031 dimi-⁴

117 1052 243 1109 cationis
276 1050 337 1109 lore
361 1064 537 1131 apparerem
565 1065 628 1112 tum
657 1052 697 1112 Μ.
719 1048 848 1110 Menios
872 1055 904 1108 et

118 1129 158 1208 Q.
179 1128 323 1189 Publilius
346 1131 601 1210 tribuniplebis,
630 1133 706 1212 Quid
730 1133 846 1189 l’ntrum
872 1138 902 1188 et

115 1208 208 1290 plebis
225 1224 364 1269 certamen
376 1216 524 1284 fecimus,
539 1218 612 1292 qnod
630 1213 753 1272 cinitotie
766 1228 828 1269 esse
850 1211 904 1268 od·

119 1291 211 1349 ternis
228 1311 311 1348 une-m
333 1295 497 1368 pestiferum
518 1296 603 1351 civem
619 1292 727 1351 ¹debetl
752 1291 826 1363 Quid
840 1288 904 1346 cum

116 1367 199 1450 plebe
216 1373 399 1447 eggredimor
411 1392 492 1445 eom,
508 1393 589 1452 qoem
613 1393 663 1449 per
679 1375 772 1451 ipsom
792 1365 903 1449 plebem

118 1451 210 1508 tutius
225 1454 345 1528 aggredi
359 1463 423 1523 est,
443 1463 476 1510 nt
497 1456 554 1511 eois
577 1457 635 1534 ipse
653 1465 783 1512 oneratus
801 1445 904 1507 oiribuo

117 1539 186 1588 root
200 1531 209 1588 l
226 1529 314 1589 Diem
327 1534 419 1591 dicere
431 1535 478 1605 ei,
499 1531 577 1593 nobis
596 1537 623 1593 in
639 1536 731 1592 animo
744 1542 797 1591 eat.
824 1525 904 1587 Nibil

119 1610 211 1668 mimis
250 1609 599 1692 opoloreqmirnregnom
618 1627 671 1672 est.
698 1609 794 1672 Simul
808 1606 905 1666 multi-
991 1652 993 1657 .

54 1710 58 1717 ·
116 1693 188 1747 eodo
210 1631 263 1750 iia
282 1713 336 1750 non
357 1713 447 1752 secem
464 1697 567 1752 certari
578 1694 757 1765 viderint‚et
768 1710 809 1749 ex
821 1691 902 1746 odro-

119 1772 195 1827 sotie
203 1770 391 1845 judicesfocti
405 1781 506 1842 emm,
526 1784 742 1830 etoccosetoree
756 1775 791 1830 de
801 1767 905 1849 plebe,

116 1850 269 1929 patricium
288 1869 364 1908 retem
380 1847 581 1918 intuebuntur,
603 1863 637 1910 et
656 1853 737 1931 regni
753 1854 856 1910 crimen
874 1851 904 1908 in

117 1930 227 1996 modim
246 1926 318 1986 nulli
332 1932 444 2009 magis,
460 1929 542 2007 quim
557 1928 684 1989 libertati
689 1929 825 2000 fovebunt
837 1950 903 1989 suo.

52 2016 111 2084 netto
163 2005 277 2069 XXlV.
306 2008 545 2089 Approbantibue
564 2011 679 2069 eunctis
695 2053 704 2084 ‚
721 2008 801 2069 diem
819 2008 907 2068 Man·

52 2081 166 2185 ‚lilio
184 2085 298 2147 dicunt.
317 2089 410 2167 Quod
429 2090 481 2150 ubi
496 2101 541 2150 est
560 2089 694 2165 lectum,
715 2091 812 2173 primi>
827 2106 910 2149 eom·

56 2194 99 2246 pr,
121 2178 205 2229 mota
224 2167 308 2250 plebs
331 2181 398 2244 est,
421 2171 524 2250 utique
546 2183 701 2254 postquam
725 2170 907 2232 sordidatum

120 2269 208 2309 eoum
220 2250 378 2326 viderunt,
395 2272 456 2314 <noc
473 2270 541 2314 cum
553 2274 592 2314 eo
608 2275 666 2315 non
687 2252 773 2314 modio
785 2254 906 2314 Petrum

124 2349 324 2411 quemquam,
348 2332 455 2391 sedne
476 2345 616 2409 cognatos
634 2332 752 2413 quidem
772 2343 826 2393 aut
847 2327 907 2391 aili-

124 2428 209 2482 nea,
238 2413 389 2490 postremi>
417 2431 454 2471 ne
480 2411 585 2470 fratres
605 2413 723 2489 quidem
751 2413 786 2473 A.
810 2420 843 2469 et
866 2408 904 2469 T.

120 2488 252 2553 Manlios
272 2509 278 2547 :
301 2489 379 2566 quod
399 2491 436 2547 ad
457 2509 525 2548 eum
537 2491 617 2548 diem
626 2510 776 2570 ‘nunquam
791 2510 843 2551 usu
858 2497 922 2548 ve·'

117 2570 238 2639 nisset,
262 2579 293 2628 ut
313 2571 344 2642 in
362 2579 446 2630 tanto
464 2569 635 2630 discrimine
652 2590 710 2632 non
726 2583 756 2632 et
775 2567 907 2655 proximi

124 2661 425 2715 vestemrnutarent.
465 2652 554 2732 Appio
588 2651 708 2714 Claudio
739 2657 767 2711 in
797 2650 906 2710 vineole
991 2652 996 2665 ‘

51 2786 54 2794 ,
117 2733 234 2799 docto,
269 2727 303 2788 C.
332 2727 483 2789 Claudium
511 2735 672 2809 inimicum,
704 2730 907 2805 Claudiamque

126 2828 233 2869 emnem
258 2819 379 2884 ¹gentem
414 2814 588 2872 sordidatam
618 2817 718 2882 foisse.
766 2800 907 2866 Conseneu

126 2889 245 2969 opprimi
258 2887 420 2964 popularem
441 2891 550 2963 uirum,
571 2892 645 2971 qubd
657 2886 795 2970 primosi
810 2885 907 2945 Potri-

127 2972 179 3028 διο
211 2971 249 3026 od
273 2965 382 3044 plebem
409 2969 565 3037 defecisset.
589 2969 679 3028 cum
707 2965 773 3024 dies
804 2965 907 3036 vonit,

127 3063 213 3126 quoe,
230 3055 335 3126 proeter
350 3055 442 3103 cretus
459 3045 677 3116 multitudinis,
690 3043 908 3124 seditiosasque

127 3136 271 3199 eooeeset
286 3123 496 3203 largitionem,
513 3123 645 3184 etiallax
658 3125 828 3200 indicium,
844 3144 909 3206 per·

114 3203 257 3267 'tinentia
273 3205 393 3287 proprie
409 3201 448 3267 ad
465 3208 549 3285 tegni
565 3208 695 3281 crimen,
727 3208 766 3269 ab
790 3225 910 3271 accusa·

126 3287 242 3349 *tordius
263 3286 378 3367 objecta
394 3287 458 3350 sint
479 3287 652 3371 soo,apuri
669 3291 819 3354 neminem
839 3307 909 3352 euc-
