2016 3780
199 82 513 206 'Ninnium
562 132 702 205 XVII.
821 156 866 222 71

79 243 130 327 qui
156 243 262 302 armati
281 241 462 301 Aventinum
486 238 670 300 obsedissent
693 243 702 298 i
726 232 867 316 belloque

80 343 183 384 averso
211 321 248 380 ab
278 320 413 380 hostibus
445 320 570 401 patriam
597 338 680 379 suam
707 318 877 397 cepissent..

79 407 148 467 Non
179 399 275 460 defuit
306 400 378 480 quid
404 401 660 480 responderetur:
692 397 792 457 deerat
817 395 869 475 qui

81 485 164 543 daret
188 500 386 562 responsum,
412 481 565 540 nullodum
591 492 675 539 certo
692 478 787 547 duce,
813 492 869 536 nec

82 564 156 624 satis
175 561 351 622 audentibus
369 562 495 641 singuiis
511 561 630 622 invidie
644 580 677 621 se
698 557 817 617 offerre.
837 553 870 616 Id

83 643 213 704 modo-b·
230 641 422 703 multitudine
447 643 664 703 conclamatum
682 650 749 710 est,
779 649 811 697 ut
832 635 868 696 L.

82 724 235 787 Valerium
249 734 286 783 et
297 725 338 786 M.
357 724 512 784 Horatium
525 723 560 783 ad
576 744 609 783 se
627 724 798 783 mitterent:
821 717 869 777 ti·
933 794 937 799 Ι

81 825 113 866 se
138 803 258 864 daturos
280 823 467 884 responsum.

47 946 52 953 ,
121 884 206 946 XXl.
230 884 373 945 Dimissis
412 884 545 961 legatis,
582 883 721 942 admonet
756 877 870 939 milites
898 881 1001 955 Tritani

80 966 260 1042 Virginius,
279 970 306 1025 in
334 988 363 1026 re
385 989 438 1024 non
460 965 589 1025 meximd
607 965 691 1042 pould
707 960 773 1020 onte¹
786 963 870 1039 trepi·
882 949 993 995 ΝΜ·

81 1050 179 1104 dotum
199 1067 278 1115 esse,
297 1047 362 1128 quid
383 1051 443 1105 sine
463 1050 557 1126 cupite
584 1045 732 1102 multitudo
746 1045 868 1112 fuerit,·

17 1196 23 1202 ὓ
83 1145 298 1204 responsumque
316 1148 484 1206 quamquem
506 1150 559 1184 non
578 1125 735 1190 inutiliter,
747 1124 871 1192 fortuito

83 1216 190 1264 tament
205 1210 302 1284 magis
323 1226 461 1265 consensu
479 1207 571 1286 quim,
583 1207 722 1263 commoni
755 1200 872 1260 consilio

83 1305 153 1345 esse.
163 1304 174 1355 ,·
206 1285 319 1364 placere
348 1293 439 1346 decem
466 1292 584 1357 creari,
608 1290 655 1365 qni
682 1304 796 1343 surnmn
831 1281 872 1337 rei

84 1378 256 1442 preessent,
279 1367 453 1446 militarique
474 1367 573 1426 denote
598 1366 722 1423 tribunis
749 1361 872 1419 militum

86 1443 238 1521 appellari.
259 1444 334 1503 Cum
352 1444 388 1501 ad
402 1466 469 1503 eum
482 1448 581 1523 ipsum
597 1447 726 1522 primum
740 1446 765 1499 is
779 1440 873 1498 honos

86 1519 260 1579 deferretur.
284 1522 454 1580 Melioribus
474 1529 542 1582 meis
559 1530 711 1602 vestrisque
733 1521 813 1579 rebus
830 1541 875 1577 re·

86 1613 217 1670 sentite,
244 1600 362 1679 inquit,
384 1605 439 1660 iste
462 1607 495 1660 de
519 1625 562 1660 me
580 1606 712 1682 judicio5
734 1621 782 1657 nec
807 1598 874 1656 milti

80 1681 148 1759 filie
165 1679 256 1739 inulto
271 1682 398 1742 honorem
414 1682 501 1739 ullum
510 1685 661 1761 jucundum
676 1703 736 1740 esse
746 1683 855 1758 potitur
862 1695 874 1749 ,·

87 1782 138 1821 nec
151 1763 180 1819 in
191 1761 357 1841 perturbati
378 1762 518 1841 republicd
539 1764 676 1822 eos.utile
695 1775 739 1820 est
756 1779 877 1839 preesse

85 1840 187 1914 vobis,
210 1845 404 1922 pui'proximi
425 1846 535 1902 invidie
556 1847 643 1915 sinr;
669 1845 693 1902 si
720 1844 783 1920 quis
811 1858 878 1898 usus

85 1925 142 1982 mei
164 1935 209 1981 est
222 1946 243 1993 ,·
259 1923 347 1984 niliilo
372 1928 461 1984 minor
483 1946 524 1983 ex
543 1928 651 2004 priuato
671 1925 807 1997 capietur.
834 1918 877 1979 iis

86 2000 193 2060 decern
210 2020 334 2061 numero
351 2003 487 2063 tribunos
510 2005 654 2068 militares
677 2011 786 2063 creant.
865 2068 869 2077 ⁵

129 2079 231 2139 xxii
256 2079 360 2157 Neque
380 2084 410 2140 in
432 2083 547 2142 Sabinis
566 2084 680 2160 quievit
705 2078 875 2152 exercitum
900 2075 1006 2151 Attin}-

90 2156 136 2215 ibi
154 2176 271 2236 quoque
289 2173 408 2221 auctore
430 2162 516 2222 Icilio
535 2163 763 2238 Numitorioque
779 2178 876 2219 seces·
887 2142 1007 2250 {⁷1¹2}ssst

90 2238 137 2297 sio
152 2238 188 2296 ab
203 2236 379 2300 decemviris
394 2241 471 2301 iacta
488 2253 531 2300 est
549 2263 555 2300 ι
581 2261 639 2300 non
662 2242 776 2300 minore
799 2248 879 2298 motu
970 2238 977 2254 ⁸

89 2320 256 2377 animorum
281 2321 373 2380 Siccii
410 2321 500 2382 cedis
534 2322 676 2381 memorii
710 2317 880 2391 revocati,

89 2399 179 2479 quim
201 2418 289 2476 quem
313 2418 388 2461 nova
412 2400 489 2461 fama
505 2401 541 2460 de
556 2401 692 2479 virginii
708 2401 781 2462 adeo
803 2397 880 2459 toeds

90 2479 125 2540 ad
151 2478 307 2539 libidinem
334 2481 428 2560 petiti
454 2481 636 2543 accenderat.
668 2482 799 2556 icilius,
831 2479 882 2540 ubi

92 2559 206 2620 audivit
229 2561 363 2620 tribunos
383 2562 512 2622 militum
529 2565 561 2621 in
581 2563 881 2634 denumerantes,

48 2691 51 2698 .
92 2643 131 2698 ne
156 2640 344 2700 comitiorum
374 2643 547 2703 militarium
573 2645 796 2724 prerogativam
830 2661 881 2700 ur·

94 2721 168 2781 bana
190 2723 315 2780 comitia
347 2723 453 2782 iisdem
478 2724 606 2784 tribunis
627 2725 724 2805 plebis
746 2720 882 2786 creandis

92 2813 309 2880 sequerentur,
333 2806 449 2882 peritus
472 2824 569 2873 rerum
591 2806 803 2886 popularium,
827 2804 882 2861 im·

92 2883 265 2960 minensque
289 2884 319 2942 ei
344 2884 509 2965 potestati,
541 2896 570 2944 et
590 2887 658 2966 ipse
679 2886 765 2967 pride
792 2883 880 2965 quint

92 2964 186 3023 iretur
203 2962 239 3023 ed
260 2965 383 3037 urbem,
407 2966 474 3047 pari
498 2977 644 3048 potestate
665 2965 802 3028 eumdem
825 2983 881 3022 nu·

94 3063 209 3105 merom
221 3046 260 3105 eb
276 3047 337 3106 suis
351 3047 507 3107 creandum
527 3058 620 3108 curat.
647 3047 733 3110 Porti
762 3039 883 3111 coltint

94 3126 197 3187 urbem
221 3127 367 3188 intravire
398 3127 454 3187 sub
484 3127 604 3205 signis,
633 3124 788 3202 mediique
808 3122 882 3182 urbe

96 3208 212 3284 agmine
239 3209 272 3272 in
297 3210 478 3271 Aventinum.
495 3215 630 3288 pergunt.
657 3207 703 3266 ibi
730 3200 883 3281 conjuncti

98 3286 181 3349 atteri
203 3291 349 3355 exercitui
363 3334 373 3365 ,
387 3288 495 3369 viginti
511 3286 639 3348 tribunis
651 3286 783 3355 militurn
793 3300 882 3365 nego
