2016 3780
190 170 465 248 Nannmo
513 168 677 242 XLIX.
775 181 839 260 147

54 281 217 368 ¹patiendum
230 279 418 354 sufficiamus,
438 289 490 336 aut
506 275 572 336 illos
588 278 636 356 qui
645 273 761 344 faciunt
772 296 841 331 aon·

55 371 122 426 rium
141 376 284 422 tantarum
311 361 486 438 injuriarium
507 360 627 415 satietas
645 358 759 433 ceperit.
785 354 841 411 Ne·

57 462 112 526 que
136 464 189 524 ego
208 443 327 520 exsequi
345 459 477 518 possum,
501 439 568 513 (ιο)
588 457 637 493 neo
655 433 732 494 voluis
751 452 842 512 operte

59 535 104 583 est
128 524 225 581 audire
249 519 363 598 singula
390 539 448 598 qua
470 520 546 597 passi
568 536 691 586 sumus;
717 501 843 597 'commu-

60 607 133 662 niter
165 597 448 678 amaiaamplectar.
490 596 569 674 Nego
605 599 717 654 domum
753 593 844 652 ullam

60 683 180 752 Locris,
216 699 287 757 nego
321 699 487 758 quemquam
524 677 661 734 haurirem
696 686 845 752 expertem

59 764 168 830 iniuria
187 781 279 818 esse:
306 774 377 837 nego
400 757 488 816 ullum
509 776 598 835 genus
620 753 752 826 sceleris,
780 753 846 812 libi-

59 845 153 912 diuis,
173 842 297 899 auaritia
316 859 477 917 superesse‚
495 841 570 919 quod
582 839 610 893 ire
628 834 707 906 ullo,
723 836 771 914 qui
783 836 846 914 pati

58 924 184 1002 potuerit
210 963 219 992 ,
251 922 467 999 pretermissum
496 921 545 978 sit.
585 914 647 975 Vix
677 917 751 974 ratio
781 915 846 974 iniri

60 1011 180 1080 potest,
212 1011 275 1059 utor
306 1014 387 1057 casus
422 1000 544 1056 civitatis
568 999 607 1056 sit
627 993 848 1067 detestabilior,

60 1082 123 1139 cim
145 1078 237 1136 hostes
256 1074 329 1136 bello
345 1076 439 1136 urbem
461 1078 583 1156 sepire,
602 1097 641 1134 aa
661 1076 721 1133 cim
737 1074 855 1133 exitia?

63 1159 131 1218 bilis
150 1170 286 1232 tyramnis
304 1159 330 1215 si
351 1169 436 1237 atqua
455 1160 545 1216 armis
563 1159 711 1236 oppressit.
745 1152 849 1214 Omnia

64 1261 127 1319 qua
148 1251 236 1316 capta
266 1237 348 1298 urbes
370 1240 538 1318 patiuntur,
568 1239 645 1316 passi
673 1255 796 1307 sumus,
820 1245 851 1294 et

60 1339 139 1379 uuna
153 1315 279 1377 maximi
301 1321 446 1397 patimur,
474 1319 577 1377 Patres
591 1315 748 1394 Consaripti
765 1337 775 1372 .·
792 1336 851 1374 om-

69 1401 116 1458 nia
129 1418 187 1476 qua
197 1397 383 1456 crudelissimi
393 1408 478 1477 atque
493 1399 722 1476 importunissimi
738 1398 852 1469 tyronem

69 1476 176 1538 scelera
199 1480 227 1535 in
253 1498 396 1556 oppressos
410 1480 486 1537 *ciues
508 1482 616 1548 edunt,
643 1473 798 1535 Pleminius
823 1478 852 1535 iu

69 1580 120 1617 aas
137 1555 291 1637 liberosque
306 1570 434 1629 nostros,
454 1569 489 1617 et
500 1559 647 1634 conjuges,
665 1556 762 1615 edidit.

58 1744 61 1751 Ι
110 1670 152 1734 X·
178 1673 268 1737 [laum
284 1685 347 1745 est,
371 1677 406 1733 de
422 1694 475 1754 quo
496 1673 660 1733 nominatim
672 1683 701 1730 et
713 1692 763 1728 nos
775 1671 855 1752 queri

72 1751 174 1830 religio
196 1755 288 1828 infixa
301 1757 404 1819 animis
417 1766 520 1831 cogat,
537 1764 628 1812 etuas
642 1755 740 1810 audire
756 1762 785 1810 et
801 1772 857 1809 ex-

73 1833 178 1894 solvere
210 1831 407 1912 rempublicam
433 1830 739 1910 vestramraligioae,
763 1835 788 1890 si
816 1832 858 1891 itt

73 1911 149 1971 vobis
178 1912 340 1989 uidebitur,
375 1912 491 1974 ieliinus
513 1920 535 1984 ‚‘
555 1913 657 1971 Patres
688 1910 856 1990 Conscripti.

71 1989 199 2050 Vidimus
221 1997 294 2051 euim
323 2015 385 2069 rum
407 1991 512 2071 quanti
535 1991 692 2050 carimonii
718 2013 771 2049 raon
796 2012 858 2050 ues-
950 1985 954 1993 ’

65 2082 125 2130 tros
147 2069 234 2128 solim
252 2071 355 2131 colatis
374 2072 461 2143 deos,
484 2074 534 2130 sed
553 2073 638 2128 etiam
661 2083 795 2129 externos
810 2092 859 2129 ao-

65 2151 189 2228 cipiatis.
229 2147 334 2209 Furium
362 2163 406 2210 est
435 2154 510 2230 apud
534 2171 584 2208 nos
607 2150 802 2230 Proserpina,
825 2155 861 2211 de

66 2231 146 2310 cujus
178 2232 331 2290 sanctitate
363 2232 463 2310 templi
491 2233 572 2290 eredo
599 2229 727 2311 aliquam
746 2233 861 2300 famam

35 2316 41 2322 ’
66 2314 106 2370 ad
137 2314 367 2388 rasperreoisse
393 2310 497 2386 Pyrrhi
523 2310 597 2370 bello
626 2333 636 2368 .·
666 2313 715 2392 qui
737 2314 794 2370 cum
820 2331 862 2371 ex

68 2389 169 2450 Sicilii
201 2393 313 2449 rediens
338 2389 444 2450 Locros
464 2391 561 2451 ‘classe
586 2391 865 2471 praeterveheretur,

69 2472 144 2528 inter
163 2468 321 2543 aliasuda
343 2493 401 2551 qua
418 2485 540 2552 propter
554 2475 644 2548 fidem
671 2470 740 2552 erga*
765 2495 812 2533 vos
833 2473 864 2530 iu
919 2516 922 2521 -

71 2550 212 2607 ciuitatem
245 2560 369 2610 nostram
398 2554 527 2619 facinora
559 2555 648 2612 edidit
672 2596 681 2625 ,
716 2553 862 2612 thesauros

70 2647 178 2767 quoque
192 2627 388 2709 Proserpina,
407 2634 529 2706 intactos
547 2637 586 2691 ad
599 2654 660 2709 eam
676 2635 770 2705 diam,
797 2654 864 2714 spo·

65 2709 188 2766 iavit:
214 2720 299 2788 atque
325 2709 366 2769 itt
388 2713 506 2791 pequaii
533 2719 561 2773 iu
595 2730 678 2773 nares
709 2714 864 2794 impositi,

65 2791 132 2868 ‘ipse
150 2787 226 2847 terri
243 2801 286 2848 est
296 2794 448 2869 profectus.
478 2793 554 2871 Quid
575 2815 642 2874 ergo
668 2798 782 2866 euenit,
804 2797 864 2854 Pa·

74 2879 135 2928 tres
158 2865 343 2951 Conscriptil
369 2868 478 2933 Classis
499 2888 611 2955 postero
639 2877 684 2934 die
704 2873 865 2948 fedissimi

75 2959 244 3027 tempestate
271 2952 419 3026 lacerata,
451 2977 597 3036 omnesque
624 2978 707 3015 noves
731 2977 792 3036 qua
815 2975 865 3013 sa·

76 3048 153 3086 cram
184 3035 328 3106 pecuniam
357 3031 543 3109 tabuerunt,
580 3039 609 3095 ia
639 3035 736 3095 littora
768 3047 865 3094 nostra

78 3117 173 3188 electa
199 3122 274 3169 suat.
306 3112 368 3192 Qud
393 3115 474 3175 tanti
500 3116 580 3176 clade
611 3120 725 3203 edoctus
752 3119 866 3177 tandem

70 3295 75 3305 ·
116 3290 148 3328 ro
161 3279 171 3340 (
182 3280 244 3332 Nea
266 3280 341 3338 vobis
357 3280 450 3359 qperoe
466 3286 526 3352 est)
548 3286 606 3340 Nec
626 3287 702 3343 vobis
714 3301 758 3341 aut
771 3302 865 3360 vacat,

77 3354 128 3395 eut
141 3344 205 3397 utile
219 3359 269 3403 est.

678 3421 747 3485 Ge
