2016 3780
127 276 193 351 242
351 263 485 334 Trrr
532 264 695 337 Lrvrr'

128 370 311 447 quisissent,
330 377 479 449 poterant.
501 366 574 429 Inde
591 372 689 431 varios
706 370 802 432 vultus
818 371 917 453 digra-⁴

57 490 61 497 ,
126 449 340 528 utentiumab
362 450 479 510 nunciis
500 470 659 522 cerneres,
682 463 715 511 ut
739 454 846 534 cuique
867 467 920 516 aut

127 529 195 595 laet'a
224 528 393 597 auttristia
414 531 652 603 nunciabantur,
679 533 920 613 gratulantesque

125 622 181 677 aut
202 611 385 671 consolantes
408 608 598 672 redeuntibus
623 612 727 672 domos
755 615 885 674 circumi
905 651 919 666 ·

127 711 188 753 sot.
221 692 411 755 Feminarum
433 692 583 774 precipue
602 703 632 752 et
656 692 768 772 gaudia
787 695 920 775 insignia

126 785 212 834 erant
224 784 240 847 ,⁶
249 780 281 833 et
295 773 401 834 Inc‘tur.

18 848 116 941 ‚Imm
163 864 314 930 XXVIII.
348 865 443 927 Unam
469 863 501 924 in
523 865 591 944 ipsa
613 877 697 945 porta
721 866 826 948 sospiti
849 865 919 928 filio
988 883 990 887 ·

18 923 99 1016 'iiim
128 948 255 1031 repente
277 944 428 1020 oblatam,
448 947 480 1005 in
498 957 661 1028 conspectu
681 948 745 1023 eius
758 948 919 1028 expirasse

18 1029 90 1099 austu
128 1029 227 1089 ferunt
249 1050 256 1089 t
281 1028 427 1100 alteram,
445 1028 495 1087 cui
511 1045 589 1086 mors
610 1024 668 1085 filii
687 1026 761 1087 falsi)
777 1030 920 1102 nunciata

18 1104 87 1198 ‘Q'
129 1122 217 1181 erat,
241 1119 378 1169 moestam
402 1104 554 1169 sedentem
582 1106 689 1178 domi,
717 1108 754 1167 ad
784 1102 921 1189 'primum

71 1182 79 1198 ⁰
129 1201 324 1272 conspectum
338 1189 491 1249 redeuntis
508 1185 567 1246 filii
583 1188 690 1267 gaudio
702 1188 799 1248 nimio
816 1194 920 1252 exani-

72 1273 76 1283 '
128 1284 247 1333 matam.
272 1270 409 1330 Senatum
431 1279 573 1349 praetores
596 1288 650 1349 per
669 1268 736 1332 dies
753 1269 863 1351 aIIquot
879 1273 917 1332 ab

127 1364 197 1414 orto
216 1371 307 1431 usque
325 1349 359 1411 ad
375 1348 561 1410 occidentem
583 1350 678 1410 solem
693 1353 726 1412 in
748 1352 827 1413 cu'ria
845 1355 916 1412 reti-

128 1445 221 1504 nent,
243 1430 464 1510 consultantes,
486 1450 615 1508 quonam
635 1430 727 1506 duce,
749 1445 800 1493 aut
812 1434 920 1512 quibus

128 1515 246 1594 copiis,
268 1514 371 1573 resisti
389 1513 553 1573 victoribus
573 1512 670 1572 Ptenis
692 1526 803 1594 posset.
824 1515 922 1576 Prius·

128 1598 220 1678 qulrn
241 1596 312 1655 satis
340 1604 420 1653 certa
442 1592 568 1653 consilia
593 1603 713 1665 essent,
734 1615 841 1679 repens
862 1596 922 1657 alia

128 1679 287 1740 nunciatur
301 1673 398 1736 clades
416 1695 422 1732 :
439 1684 564 1751 quatuor
574 1672 673 1732 millia
684 1673 818 1752 equitunr
830 1715 840 1742 ‚
852 1698 923 1740 cum

81 1821 90 1840 ,
130 1760 165 1821 C.
190 1759 338 1820 Centenio
358 1764 543 1834 propraetore·
557 1751 650 1810 missa
666 1753 703 1811 ad
719 1751 866 1829 collegam
885 1759 926 1813 ab

127 1839 255 1899 Servilio
270 1837 415 1910 consule,
430 1835 466 1889 in
479 1831 622 1900 Umbria,
639 1835 697 1908 quo
710 1843 777 1911 post
790 1853 925 1912 pugnant

129 1918 173 1979 ad·
193 1917 400 1975 Trasimenum
427 1910 557 1970 auditam
586 1922 755 1972 averterant
779 1912 857 1983 iter,
885 1915 925 1972 ab

123 1996 273 2059 'Annibale
285 1995 497 2055 circumventa.
511 1991 690 2069 Itaque(1t)
703 1989 737 2050 ad
754 1990 924 2052 remedium

122 2076 245 2160 z'janrd-iu
267 2094 365 2156 neque
387 2072 587 2134 desideratum
611 2092 712 2152 neque·
728 2070 926 2152 adhibitum,

122 2161 306 2221 dictatorern
321 2156 502 2230 dicendum,
520 2154 625 2232 civiter
639 2152 784 2232 confugit.

129 2344 147 2371 .,·
164 2312 273 2382 uwel
281 2310 431 2365 remedium
435 2309 510 2381 jam-
543 2289 585 2361 tiis
603 2306 694 2361 Inerat.
719 2306 832 2375 Aliquot
850 2306 922 2361 fudre

131 2382 181 2439 diu
192 2398 288 2451 -neque
298 2377 509 2443 desider-atum)
543 2393 590 2442 per
598 2375 651 2429 hec
662 2376 788 2439 temporis
798 2375 923 2428 intervel-

130 2450 199 2511 Ilaec
217 2444 391 2510 intelligenda
405 2454 468 2493 sunt
477 2443 508 2492 de
543 2443 598 2491 lum
609 2443 766 2501 dictatores,
777 2442 925 2510 interquos

132 2512 260 2571 dictatore
270 2511 306 2562 rei
317 2509 509 2575 gerundaecau-
543 2508 600 2572 Ipse
609 2507 729 2569 Fabius,
748 2507 793 2558 sed
808 2511 925 2560 conrrni.

126 2584 259 2636 ed'crento
269 2614 276 2640 ‚
287 2576 332 2644 qui
341 2571 431 2623 nullus
448 2584 509 2637 poet
543 2575 641 2625 tiorum
649 2570 832 2628 habendorum
841 2574 921 2629 canei

133 2651 245 2703 Atilium
278 2641 435 2697 Calatinum
463 2654 511 2705 per
542 2643 644 2697 creati..

124 2713 329 2783 ‚neeecuiginta
339 2725 425 2763 anuos
437 2720 512 2760 crea-

365 2964 443 3030 Fint's
461 2964 561 3048 prirnae
582 2961 689 3025 Partis.
