2016 3780
143 103 210 178 alo
332 95 334 99 ’
371 87 699 162 T1u1L1v11

182 192 301 258 XXIII.
316 193 431 274 Magnae
446 195 539 277 partis
554 192 621 274 Iuga
639 194 707 255 inde
721 192 850 277 primbm
867 213 930 255 cse-

140 276 197 359 pit.
220 277 335 356 Etiam
358 295 413 336 nec
433 275 517 336 lacus
537 319 546 348 ‚
568 294 627 337 neu
646 287 759 336 montes
775 275 930 335 obstabant

140 359 244 439 pavori
273 377 280 416 :
306 374 359 436 per
381 355 481 414 omnia
500 364 582 414 arcta
611 368 817 448 praeruptaque
846 353 948 414 uelut·
984 388 987 393 ,

131 436 214 498 caeci
231 433 377 495 evadunt:
398 453 538 512 armaque
550 444 579 491 et
593 454 651 494 vrrs
664 455 754 514 super
768 435 857 496 alium
872 435 928 494 alii

131 516 373 597 precipitantur.
397 513 466 572 Pars
490 531 596 590 magna
622 556 631 586 ,
666 514 717 572 ubi
747 515 830 575 Iocus
854 513 928 592 fugae

127 594 244 674 deest,
264 611 318 674 per
331 591 429 671 prIma
451 590 525 650 vada
549 591 665 672 paludis
686 594 834 674 inaquam
855 613 928 674 pro·

136 673 265 751 gressi,
298 670 394 751 quoad
420 671 567 750 capitibus
593 670 782 750 humerIsque
812 684 928 733 exstare

136 761 285 832 possunt,
315 769 379 811 sese
400 751 590 826 immergunt.
612 751 706 810 Fuere
726 770 800 828 quos
818 752 928 810 incon-

126 831 230 890 'sultus
247 849 340 911 pavor
359 830 453 889 nando
467 831 559 886 etiam
580 846 737 908 capessere
750 829 849 904 fugam
871 832 927 889 im-

132 909 257 989 pulerit.
276 911 351 988 Quae
370 907 420 967 ubi
440 907 587 965 immensa
608 923 642 965 ac
670 908 733 966 sine
757 927 809 988 spe
828 919 893 966 erat
914 944 949 981 ‚·

125 996 185 1048 ‘aut
207 986 411 1048 deficientibus
435 986 542 1046 animis
561 985 771 1046 hauriebantur
795 986 925 1064 gurgiti-

127 1065 189 1128 bus
203 1111 213 1140 ,
233 1078 282 1126 aut
294 1068 487 1148 nequicquam
505 1065 577 1126 fessi
591 1065 660 1126 uada
672 1067 753 1126 relrb
770 1067 923 1144 aegerrImd

133 1147 325 1230 repetebant,
353 1159 441 1228 atque
459 1147 501 1206 ibi
522 1145 565 1213 ab,
576 1145 719 1226 ingressis
734 1165 838 1227 aquam
853 1146 921 1205 bos·

121 1226 208 1309 ,tium
226 1248 242 1286 e
263 1228 375 1288 uiribus
390 1228 503 1309 passim
514 1226 749 1288 trucidabantur.

173 1305 249 1370 XXI
281 1353 288 1368 .
304 1305 364 1368 Sex
381 1306 483 1368 millia
502 1304 597 1366 ferme
615 1306 708 1391 primi
728 1303 852 1384 agminia
864 1321 918 1382 per

125 1383 275 1448 'adversos
283 1387 383 1448 hostes
397 1389 555 1467 eruptione
569 1387 701 1473 impigre
718 1385 793 1446 iacti
804 1429 813 1457 ,
826 1380 920 1461 ignari

132 1469 266 1528 omnium
283 1487 348 1548 quae
368 1479 488 1549 postue
504 1479 682 1546 agerentur,
708 1486 746 1524 ex
763 1464 838 1526 saltu
853 1481 921 1525 eva-

123 1548 198 1608 'idre
216 1569 222 1606 :
236 1559 266 1607 et
283 1547 351 1608 crim
371 1549 401 1606 in
416 1546 531 1608 tumulo
550 1547 679 1628 quodam
694 1546 920 1614 constitissent,

132 1625 293 1688 clamorem
310 1625 401 1688 nrodb
416 1648 449 1689 ac
465 1631 569 1687 ¹sonum
587 1646 734 1687 armorum
748 1625 922 1695 audientes,

123 1717 197 1799 'quae
210 1707 323 1766 fortuna
334 1727 439 1788 pugnae
453 1718 553 1778 esset,
570 1726 624 1769 nuc
644 1706 741 1779 scire,
768 1725 824 1764 nec
837 1720 922 1784 pers·

132 1802 235 1865 prcere
253 1805 310 1865 prae
329 1785 454 1861 caligias
469 1795 614 1863 poterant.
634 1785 776 1844 inclinati
793 1785 922 1860 denique

131 1881 165 1921 re
183 1904 192 1932 ,
209 1862 278 1922 edm
289 1864 488 1922 incalescente
506 1861 569 1919 sole
582 1862 714 1942 dispulsa
732 1863 836 1920 nebula
856 1881 924 1942 ape·

120 1940 239 2000 'ruisset
265 1941 366 2014 diem,
393 1951 455 2000 tum
484 1941 597 2020 liquidi
625 1946 684 2020 jam
710 1942 777 2001 Ince
803 1953 923 2001 montes

132 2022 292 2102 campique
322 2021 451 2103 perditas
479 2039 525 2080 res
557 2032 734 2102 stratamque
764 2020 922 2081 ostendere

132 2099 212 2161 Iaedd
234 2101 393 2163 Romanam
418 2102 650 2183 aciem-Itaque
670 2124 707 2161 ne
726 2105 758 2161 in
778 2119 922 2181 conspec-

132 2191 179 2243 tos
194 2183 297 2264 procul
313 2183 523 2243 immitteretur
537 2203 649 2263 eques,
672 2183 794 2244 sublatis
809 2183 922 2260 raptim

122 2263 228 2345 ‚signIs
239 2309 247 2337 ‚
259 2265 345 2343 quam
363 2263 543 2323 citatissimo
554 2264 813 2344 poterantagmine
826 2303 835 2331 ,
854 2278 921 2321 sese

134 2342 334 2422 abripuerunt.
360 2343 481 2401 Postero
501 2341 549 2399 die
575 2343 665 2414 crim,
691 2362 723 2400 su
746 2361 778 2399 er
798 2350 922 2414 cetera,

133 2431 264 2481 extrema
296 2420 387 2480 fames
415 2420 505 2478 etiam
524 2421 677 2492 instaret,
716 2362 803 2481 tidem
829 2418 920 2479 dante

133 2500 328 2574 Maharbale,
353 2498 404 2580 qui
428 2519 494 2560 cum
510 2501 646 2560 omnibus
663 2500 848 2579 equestribus
866 2520 919 2560 co-

98 2584 104 2588 ’
133 2582 193 2664 pile
209 2594 300 2660 nocte,
307 2592 480 2642 consecutus
490 2591 553 2640 erat
565 2625 574 2653 ‚
588 2580 611 2640 si
625 2602 705 2641 arma
716 2579 919 2654 tradidissent,

33 2991 119 3045 Nume-

16 3127 79 3180 OI'IIm

16 3181 118 3236 astuque.

131 2664 214 2723 abire
226 2683 292 2722 cum
305 2665 432 2740 singulis
447 2664 630 2722 vestimentis
648 2681 822 2744 passurum,
851 2677 920 2720 sese

132 2740 315 2799 dediderunt.
333 2744 530 2818 Quae-Punici
550 2744 694 2821 religione
713 2750 826 2801 servata
844 2738 919 2801 fides

132 2819 168 2879 ab
183 2819 328 2880 Annibale
341 2830 386 2878 est
402 2864 410 2893 ‚
436 2831 523 2902 atque
537 2821 568 2880 in
586 2822 704 2884 vincula
724 2837 827 2878 omnes
843 2839 918 2878 con-

133 2898 211 2959 ‘ecit

131 2920 141 2980 I
171 2977 274 3042 XXV·
291 2976 364 3037 Haec
381 2986 424 3035 est
446 2975 554 3035 nobiIIe
574 2976 609 3034 ad
624 2975 828 3037 Trasimenum
844 2996 918 3058 pag.

16 3067 42 3099 '¹⁸
76 3067 192 3134 ΨΜ,
218 3071 303 3140 atque
322 3057 400 3120 inter
423 3074 530 3137 paucas
549 3069 709 3117 memorata
724 3057 827 3139 populi
854 3057 917 3116 Ro-

131 3143 212 3205 maui
227 3141 335 3204 clades.
353 3137 531 3221 QuindecIm
550 3136 646 3199 millia
663 3138 861 3201 Romanorum
882 3139 917 3196 in

131 3225 198 3291 acis
216 3243 289 3288 caesa
306 3233 398 3298 sunt3
421 3219 523 3283 decem
540 3220 636 3282 millia
658 3238 759 3304 sparsa
779 3215 846 3293 fugi
860 3236 916 3294 per

797 3315 916 3360 omnem
