2016 3780
174 135 220 221 96
364 124 528 200 ''Trrr
575 129 722 199 L·1v11

96 238 104 261 ·
174 234 261 295 sicuti
284 231 456 314 predictum
478 244 562 306 erat,
582 245 677 293 castra
692 232 848 294 Gallorum
867 233 966 297 inum

174 311 368 394 neglectaque
390 313 428 374 ab
449 317 531 373 omni
549 325 634 394 parte
652 314 753 387 nacti,
771 314 905 374 clamore
920 320 964 376 in·

174 393 290 453 radunt.
331 397 481 472 Nusquam
517 392 679 472 prelium,
712 395 848 455 omnibus
885 395 963 457 iocis

174 473 269 532 cedes
296 483 341 531 est
359 494 382 532 t.
396 471 473 530 nuda
503 492 650 553 corpora,
680 473 832 535 etsotura
857 493 963 537 somne

174 552 380 624 trucidantur,
403 563 555 611 extremos
582 564 678 614 tamen
700 573 790 633 paror
810 553 961 618 cubitibus

174 633 235 691 suis
254 632 391 703 excitos,
410 650 479 710 quae
499 644 549 691 sut
566 633 641 692 unde
661 633 703 693 ris
720 644 799 694 esset
819 635 962 712 ignaros,

173 711 203 770 in
226 710 348 788 fugam,
371 721 402 770 et
428 712 567 790 quosdam
588 715 620 772 in
642 713 759 774 hostem
781 715 880 793 ipsum
904 716 962 775 im·

172 791 311 872 providos
328 788 415 864 tulit,
436 812 539 870 magna
558 813 624 872 pars
642 795 674 851 in
693 813 795 870 agrum
808 794 961 855 Antiatem

172 869 266 930 delati
299 871 469 931 incursione
510 873 546 931 ab
586 873 746 954 oppidanis
780 874 813 932 in
845 874 961 954 palatos

171 949 277 1024 facti,
302 948 582 1013 circumveniuntur.

66 1076 161 1128 Tusco·
178 1146 181 1151 ,
212 1076 264 1142 IV.
289 1078 405 1139 Similis
421 1079 451 1138 in
468 1097 540 1156 agro
556 1078 679 1140 Veienti
696 1077 863 1139 Tuscorum
880 1079 960 1143 factt'

66 1153 162 1248 ¹1de·
173 1168 287 1237 strages
309 1169 376 1232 est3
401 1160 452 1237 qui
477 1159 558 1218 urbis
579 1161 638 1239 jam
660 1162 754 1239 prope
776 1160 960 1240 quadragen-

73 1220 311 1328 agmntesimum
341 1258 449 1298 annum
478 1241 604 1312 vicinae,
632 1257 779 1320 oppresse
805 1240 842 1301 ab
873 1238 959 1311 hoste

66 1317 150 1368 tressi.
174 1316 317 1379 inusitato
337 1317 548 1399 inauditoque,
569 1318 641 1379 adeo
655 1318 731 1378 nihil
743 1319 860 1379 miserti
874 1332 959 1393 suut,

172 1410 204 1458 ut
225 1401 255 1456 in
275 1418 377 1476 agrurn
396 1398 559 1460 Romanum
572 1421 609 1459 eo
625 1412 758 1480 tempore
774 1400 965 1463 incursiones·

170 1478 319 1554 facerent,
340 1480 481 1558 plenique
501 1480 604 1562 praedae
623 1481 716 1544 Veios
730 1481 820 1539 etiam
833 1524 842 1552 ,
856 1480 960 1561 praesi-

171 1558 336 1638 diumque,
356 1571 385 1618 et
411 1580 495 1641 spem
517 1562 653 1622 ultimam
680 1560 803 1622 Romani
830 1562 959 1625 nominis

170 1641 201 1699 in
230 1644 331 1701 animo
353 1639 509 1700 habuerint
534 1660 715 1723 oppugnare.
739 1639 882 1715 Viderant
908 1662 960 1705 eos

171 1721 283 1780 milites
305 1721 432 1785 Romani
457 1734 594 1797 vagantes
613 1740 667 1802 per
687 1739 772 1797 egros
789 1732 818 1779 et
838 1740 960 1802 congre-

127 1864 132 1875 ,
170 1810 253 1875 gatos
273 1801 389 1874 agmine
403 1799 529 1878 praedam
543 1819 602 1876 prae
618 1820 650 1858 se
665 1811 784 1876 agentes
796 1827 805 1873 ,
818 1811 848 1858 et
865 1810 960 1864 castrt

171 1876 330 1936 cernebant
349 1877 426 1935 haud
448 1877 553 1958 procul
574 1878 658 1947 Veiis
682 1881 788 1958 posita.
814 1879 886 1941 Inde
901 1885 960 1964 pri·

171 1957 253 2016 indm
278 1958 431 2015 miseratio
451 1960 517 2030 sui,
535 1957 641 2016 deinde
663 1957 845 2036 indignitas,
871 1977 966 2042 atque,

172 2057 209 2097 er
231 2036 275 2096 ed'
289 2035 333 2095 ira
353 2037 466 2096 animos
486 2040 593 2119 cepit:
624 2038 786 2099 Etruscisne
809 2044 918 2116 etiarn,
941 2042 959 2101 d

171 2117 271 2200 quibus
291 2116 395 2178 bellum
421 2116 564 2179 Gallicum
586 2123 613 2180 r'n
642 2143 672 2178 se
698 2122 881 2193 avertissent,
913 2118 959 2182 lut-¹

170 2197 259 2271 dibrio
271 2221 331 2258 esse
339 2199 435 2260 clades
445 2220 513 2260 suas
523 2204 531 2262 t
543 2201 605 2262 Vix
617 2202 816 2280 tempersvdre
833 2202 959 2275 animis,

168 2280 243 2360 quin
259 2280 411 2361 extempld
420 2282 566 2360 impeturn
577 2280 724 2342 facerent:
738 2281 960 2359 compressique

172 2362 197 2419 a·
214 2361 260 2435 Q..
278 2359 409 2419 Caedicio
430 2361 624 2433 centurione,
655 2381 742 2440 quern
776 2361 961 2438 sibimetipsi

170 2439 378 2522 praefecerant,
390 2459 452 2496 rem
466 2440 497 2497 in
508 2439 813 2502 noctem‘sustinudre.
830 2438 960 2500 Tantum

170 2537 224 2601 par
248 2517 376 2577 Camillo
401 2516 494 2577 defuit
530 2533 632 2581 auctor
667 2542 674 2579 ι
714 2532 819 2582 caetera
850 2520 959 2580 eodem

170 2597 274 2661 ordine
297 2596 462 2678 eodemque
482 2596 610 2658 fortunus
634 2612 741 2661 eventu
764 2613 853 2678 gesta.
877 2602 959 2678 Quin

171 2679 262 2737 etiarn
287 2678 411 2736 duribus
443 2678 594 2757 captivis,
632 2681 683 2755 qui
712 2678 783 2737 caedi
809 2676 960 2735 nocturne
984 2702 991 2708 “

171 2755 399 2834 superfuerant,
425 2758 458 2814 ad
481 2758 568 2817 aliam
594 2777 712 2818 manum
731 2755 897 2814 Tuscorum
914 2755 960 2839 ¹ad

170 2836 282 2896 Salinas
293 2835 440 2912 profecti,
460 2850 546 2894 nocte
562 2840 625 2896 inse
648 2833 728 2894 uenti
742 2852 778 2910 err
792 2832 960 2906 improviso

171 2917 311 2991 majorem
334 2914 440 2971 caedem
465 2914 583 2973 ediddre
601 2936 607 2973 τ
628 2859 803 2992 duplicique
831 2908 959 2973 victoris
983 2966 986 2972 ,

171 3004 290 3056 ovantes
306 2991 397 3054 Veios
414 2991 545 3049 redeunt.
620 3036 623 3041 .
704 3046 708 3055 ,

70 3116 158 3168 Fabius
211 3111 253 3172 V.1
264 3107 364 3166 Rome
376 3105 496 3162 interim
510 3101 687 3183 plerumque
704 3102 821 3164 obsidio
835 3105 934 3181 segnis
943 3108 959 3181 ',

66 3179 134 3233 '⁰⁸⁰-
172 3202 202 3249 et
224 3191 360 3257 utrinque
383 3186 531 3246 sitentium
549 3203 635 3255 esse,
663 3184 749 3244 adid
775 3186 888 3245 tantum
916 3188 960 3247 in.

165 3273 260 3341 ,tentis
287 3267 405 3344 Gallis,
426 3288 463 3328 ne
487 3269 554 3349 quis
579 3265 709 3358 bostium
735 3267 856 3329 eredere
877 3268 960 3360 ¹inter

817 3352 959 3409 statrone's
