2016 3780
158 227 435 300 Nnnnnnto
484 220 701 294 XXXIX.
794 249 839 316 29

56 345 164 399 essent.
184 331 334 394 Profectus
356 341 402 389 est
428 341 539 402 nocte,
557 326 686 406 ignibus
703 325 843 387 similiter

56 413 171 486 factis,
201 412 458 490 tabernaculisque
475 409 580 490 paucis
603 407 633 466 in
649 408 782 487 speciem
795 425 845 466 rs·
863 434 866 443 ·

57 493 142 553 lictis
153 504 204 564 ,ut
212 491 383 552 insidiarum
395 510 450 572 par
462 488 555 568 priori
571 489 844 548 metuscontineret

56 572 219 634 Romanos.
234 571 290 633 Sed
303 592 357 652 per
373 566 509 629 eumdem
524 568 677 629 Lucanum
692 565 844 627 Statilium

57 653 194 713 omnibus
218 651 296 713 uitri
315 663 409 712 castra
436 660 573 728 transque
601 658 717 708 montes
742 645 844 726 expio-

55 735 147 803 ratis,
163 731 231 794 etim
242 730 369 792 relatum
378 741 476 803 esset,
490 731 583 792 visum
593 728 701 810 procul
712 727 844 788 hostium

54 833 162 892 agmen
177 839 187 886 3
217 824 279 874 tum
294 811 331 870 de
345 808 525 891 insequendo
539 829 576 867 eo
593 806 720 869 consilia
736 807 845 885 agitari

54 904 153 973 cepta.
178 892 256 954 cnm
280 892 431 971 utriusque
457 890 589 950 consulis
615 887 744 961 eadem,
778 906 845 966 quae

56 992 175 1052 semper
189 975 275 1046 antei,
298 971 404 1034 fuisset
417 971 564 1031 sententia
582 995 591 1045 ς
617 979 748 1030 ceterum
766 967 845 1030 Var-

55 1053 124 1112 roni
139 1052 200 1111 fere
217 1072 320 1113 ornnes
337 1097 347 1126 ,
371 1050 472 1112 Paullo
484 1069 597 1122 nemu,
629 1060 737 1129 preter
749 1047 844 1108 Servi·

57 1133 134 1192 lium
151 1130 260 1211 prioris
271 1135 339 1192 anni
355 1131 529 1205 consulem,
547 1129 763 1202 assentiretur;
782 1146 844 1188 tna·

59 1212 131 1271 'oris
151 1214 243 1292 partis
269 1212 444 1285 sententie,
473 1211 511 1271 nd
541 1207 738 1271 nobilitandas
758 1206 844 1269 clade

57 1234 189 1353 itomaut
207 1293 342 1365 Cannas,
363 1301 495 1368 'ungente
517 1291 598 1365 fato,
623 1289 750 1372 profecti
764 1299 842 1349 sunt.
967 1352 972 1364 Ι

99 1368 215 1433 XVIII.
237 1372 278 1432 Ut
305 1383 426 1430 ventum
449 1370 487 1430 ad
506 1372 621 1433 Cannas
648 1382 695 1430 est
717 1415 726 1444 ‚
759 1379 789 1429 et
810 1370 843 1428 in
855 1351 972 1461 ὀῇζᾟαέ

60 1460 221 1528 conspectu
239 1452 359 1511 Poenum
377 1449 542 1523 habebant,
569 1452 639 1510 bina
657 1461 842 1511 cnstracotn·
855 1484 894 1520 „a
924 1489 972 1520 mu-

58 1529 216 1603 muniunt,
247 1531 344 1608 copiis
361 1528 477 1589 divisis.
501 1529 589 1605 (13)
606 1529 726 1589 Aufidus
748 1531 843 1589 amnis
855 1533 952 1582 nium.-

57 1611 192 1689 utrisque
203 1611 305 1671 cestris
324 1608 445 1671 affluens
458 1653 467 1682 ,
487 1608 793 1685 aditumaquatoribus
805 1631 844 1671 ex

56 1709 113 1830 3ξί
122 1694 263 1771 cujusque
275 1693 497 1773 opportunitate
510 1689 585 1751 haud
602 1691 666 1751 sine
681 1692 842 1752 certamine

114 1781 152 1832 at.
720 1807 724 1816 ,

96 1848 184 1914 XIX.
210 1849 339 1913 Annibal
366 1868 459 1934 spem'
478 1861 579 1914 nactus
605 1848 682 1912 locis
708 1851 784 1910 netis
805 1848 841 1911 ad
868 1849 971 1922 piscor-

57 1942 223 2009 equestrem
237 1952 389 2012 pugnam,
412 1932 469 2014 qui
487 1944 571 2012 parte
587 1931 696 1993 virium
711 1932 841 1991 invictus
852 1910 969 1962 “⁶⁶⁰⁸“

58 2018 138 2081 ernt,'
154 2009 283 2072 facturos
298 2014 416 2093 copiam
427 2032 466 2093 pu
490 2011 575 2071 nandi
588 2013 749 2085 consules,
766 2011 840 2070 diri-
871 2016 883 2041 '·

58 2088 104 2166 git
126 2088 243 2161 aciem,
266 2088 447 2173 lacessitque
465 2033 661 2152 Xumidatum
688 2111 841 2172 procursa-

58 2170 142 2227 tione
168 2166 275 2231 hostes.
304 2169 377 2230 Inde
399 2171 499 2231 rursus
519 2171 677 2231 sollicitari
696 2171 843 2230 seditione

57 2246 183 2308 militani
199 2266 233 2307 ac
246 2247 397 2310 discordi&
413 2250 566 2325 centulum
582 2250 712 2310 Romana
728 2260 841 2312 castra:

57 2327 131 2390 ctitn·
140 2327 259 2389 Paullus
274 2329 503 2412 Semproniique
519 2343 548 2391 et
565 2331 706 2392 Flaminii
719 2330 842 2395 temeni-

58 2416 147 2468 tstem
170 2410 297 2472 Varroni
328 2455 337 2484 ‚
368 2412 464 2475 Varro
485 2412 652 2493 speciosum
672 2410 786 2472 timidis
804 2431 840 2471 ac

58 2488 199 2565 segnibus
215 2488 339 2551 ducibus
351 2493 523 2572 exemplum
543 2491 665 2555 Fabium
682 2493 841 2570 objiceret.

71 2578 76 2629 .'
97 2565 169 2630 XX·
192 2568 533 2633 Dum-altercationibus
550 2574 641 2650 magis
661 2575 750 2652 quim
767 2591 841 2632 con-

56 2647 136 2710 siliis
153 2658 271 2726 tempus
288 2653 413 2726 teritur,
425 2653 552 2713 Annibal
567 2675 603 2712 ex
615 2653 697 2726 acie,
708 2651 841 2730 quemad

56 2730 183 2790 multum
199 2728 261 2789 diei
280 2741 413 2794 tenuerat
425 2735 619 2804 instructam,
650 2734 716 2793 curn
730 2734 761 2791 in
774 2751 839 2793 cas-

56 2821 102 2870 tre
116 2822 230 2870 ceteras
247 2815 394 2893 reciperet
410 2815 533 2893 copias,
549 2813 691 2875 Numidas
707 2813 743 2874 ad
757 2814 840 2873 invu-

56 2888 165 2951 dendos
178 2911 215 2950 ex
229 2890 396 2954 ininoribus
411 2896 517 2955 castris
532 2895 729 2956 Rornanorum
748 2913 841 2973 aqua-

57 2979 136 3029 tores
146 2980 224 3032 trans
237 2971 347 3035 flumen
359 2975 461 3037 mittit.
474 2976 572 3056 Quam
582 2975 763 3036 inconditam
777 2986 841 3033 tur-

59 3048 125 3109 bem
141 3069 208 3119 cum
229 3053 352 3115 vixdum
368 3055 400 3114 in
416 3054 512 3136 ripam
525 3056 637 3135 egressi
657 3055 788 3116 clamore
804 3073 841 3112 ac

60 3132 189 3191 tumultu
207 3130 381 3213 fugassent,
416 3135 448 3194 in
467 3135 626 3197 stationem
644 3154 760 3214 quoque
783 3152 840 3214 pre

95 3248 125 3323 1}
149 3248 161 3311 (
185 3245 305 3317 Aufidus
340 3236 436 3304 amnis¹
462 3268 543 3311 rum,
573 3266 631 3320 quse
654 3249 707 3302 hoc
729 3248 838 3304 flumine

60 3310 444 3437 utresquecastriscfffluensi
463 3316 603 3388 interjecto
618 3317 810 3370 dividebantu.

60 3376 186 3448 Utrisque
197 3378 287 3453 cestrie
324 3398 432 3439 omene-
904 3422 907 3427 -

305 3474 308 3479 <
605 3448 681 3549 na
894 3432 943 3512 ι
