2016 3780
196 101 483 172 Nunnario
531 92 708 166 XLXl.
804 101 899 180 143.

120 196 175 267 lll.
189 205 315 266 Summae
332 205 376 263 rei
396 201 558 262 Pleminius
574 211 698 282 preerat
717 198 866 258 :militum
903 220 994 285 Pugna

81 303 152 366 pars
170 283 224 345 sub
245 306 304 359 eo,
321 304 411 364 quam
426 287 491 363 ipse
508 283 543 342 ab
558 281 676 358 Rhegio
690 279 866 351 abduxerat,
878 281 993 353 murmi-

81 373 129 442 (5)
156 386 223 445 pars
249 364 302 427 sub
326 365 453 425 tribunis
474 374 546 423 erat.
573 361 670 439 Rapio
696 359 804 441 poculo
821 346 956 453 ruffi

79 448 187 525 geuteo
214 466 251 506 ex
275 444 418 527 oppidani
434 443 522 502 domo
541 441 682 502 Pleminii
712 439 799 500 miles
822 438 869 499 lu·
943 432 951 450 ’

78 533 163 602 giens
179 571 188 597 ,
204 525 396 606 sequentibus
417 543 541 602 quorum
566 533 628 580 erat
643 567 652 593 ‚
666 522 769 580 obvius
791 519 867 597 forte

59 608 183 686 xSergio
202 618 232 665 et
257 607 390 666 Matieno
415 605 542 662 tribunis
568 602 698 660 militum
721 599 867 660 intueri

78 689 147 745 clim
177 688 263 765 jussu
301 686 487 746 tribunorum
517 681 688 764 ademptum
727 678 867 761 poculum

77 775 179 838 esset,
204 765 337 843 jurgium
372 763 440 824 inde
474 774 504 821 et
532 762 660 836 clamor,
678 781 774 842 pugna
794 776 866 841 pos·

78 847 172 905 tremi)
191 857 258 905 orta
277 846 355 904 inter
367 844 506 905 Pleminii
523 844 650 916 milites,
669 844 867 901 tribunorum·

77 946 133 1004 que
150 947 156 982 t
174 938 207 984 ut
229 927 289 987 suis
314 927 438 1006 quisque
462 936 645 1005 opportunus
680 922 863 992 advenerat,

76 1004 269 1065 multitudine
293 1006 382 1064 simul
405 1025 438 1066 sc
451 1004 578 1064 tumultu
603 1015 766 1063 crescente.
782 1002 866 1065 Victi

77 1084 220 1144 Pleminii
239 1083 369 1156 milites,
382 1086 450 1144 clim
464 1083 499 1144 ad
516 1083 694 1144 Pleminium
709 1128 717 1156 ‚
730 1101 865 1143 cruorem

76 1184 110 1224 ac
135 1164 255 1224 vulnera
274 1175 452 1224 ostentantes
469 1209 478 1238 ‚
496 1183 553 1222 non
567 1164 632 1226 sine
656 1163 866 1224 vociferatione

76 1257 167 1322 atque
196 1244 394 1321 indignatione
421 1246 667 1318 concurrissent,
695 1244 804 1324 probra
832 1244 865 1301 in

77 1345 144 1383 euni
164 1325 261 1405 ipsum
275 1327 380 1405 jactata
398 1327 430 1385 in
445 1326 551 1405 jurgiis
568 1324 744 1396 relerentes3
762 1342 868 1394 aecem

75 1423 125 1464 sus
137 1405 182 1463 irs
193 1405 281 1464 domo
289 1424 353 1464 sese
363 1405 531 1485 proripuit,
541 1417 717 1484 uocatosque
729 1403 865 1463 tribunos

74 1483 177 1543 nudari
190 1529 199 1560 ‚
213 1484 348 1562 acvirgas
356 1484 493 1565 expediri
503 1485 597 1563 jubet.
609 1486 688 1544 Dum
702 1483 864 1563 spoliandis

72 1565 114 1623 iis
128 1564 343 1646 (repugnabant
352 1564 430 1624 euim
440 1609 448 1637 ,
459 1564 862 1642 militemqueimplorabant)
946 1600 949 1605 -

74 1654 190 1724 tempus
202 1646 476 1726 territur‚repente
492 1644 602 1704 milites
623 1642 737 1703 feroces
750 1645 864 1703 recenti

73 1725 217 1799 victorii,
235 1744 273 1785 ex
287 1726 425 1787 omnibus
439 1723 534 1797 lucis,
550 1723 629 1784 velut
645 1723 783 1784 adversus
798 1724 864 1786 hos.

73 1812 118 1863 tes
129 1805 168 1865 ad
185 1825 264 1866 arma
281 1806 497 1867 conclamatum
508 1816 583 1867 esset
600 1849 609 1878 ‚
625 1817 858 1864 concurrerunt:

72 1896 101 1941 ut
125 1886 192 1948 edm
217 1884 325 1947 violate
342 1889 402 1968 jam
423 1887 516 1964 virgis
532 1903 656 1966 corpora
674 1884 860 1947 tribunorum

73 1963 240 2039 vidissent,
264 1976 325 2025 tum
350 1967 421 2025 vero
441 1966 472 2023 in
491 1966 586 2024 multo
615 1967 860 2045 impotentiorem
879 1974 885 1985 ¹

73 2043 174 2100 subiti>
187 2042 301 2105 rahie'm
319 2046 437 2106 accensi
454 2088 463 2116 ‚
478 2046 543 2104 sine
556 2056 692 2119 respectu
707 2088 715 2115 ,
729 2063 787 2104 non
801 2065 860 2107 ma·

71 2123 187 2202 jestatis
203 2123 312 2196 modii,
331 2123 384 2183 sed
401 2124 491 2183 utiam
504 2124 694 2183 humanitatis
709 2167 717 2196 ,
734 2125 765 2186 in
779 2126 860 2202 lega.

71 2213 135 2264 tum
146 2205 290 2283 impetum
301 2245 309 2274 ‚
321 2203 478 2263 lictoribus
493 2204 577 2284 prius
589 2204 743 2282 indignum
755 2207 783 2265 in
795 2226 860 2265 mo-

71 2283 141 2342 dum
164 2283 330 2357 mulctatis,
362 2283 486 2343 iaciunt.
511 2284 589 2346 Tum
614 2286 709 2364 ipsum
735 2287 771 2347 ab
798 2288 859 2350 suis

70 2366 271 2444 interceptum
295 2375 324 2422 et
354 2365 502 2425 seclusum
529 2363 679 2424 hostiliter
706 2365 858 2440 lacerant,

72 2456 101 2502 et
123 2447 217 2525 prope
249 2463 427 2523 exsanguem
449 2489 458 2518 ‚
483 2464 553 2505 naso
573 2447 750 2526 auribusque
771 2448 860 2507 muti-

70 2523 163 2594 latis,
181 2525 361 2601 relinquunt.
754 2550 758 2557 ¹

114 2603 166 2664 lV.
192 2603 246 2662 His
275 2605 443 2682 Messanam
475 2605 646 2678 nunciatis,
665 2606 767 2687 Scipio
787 2618 858 2687 post
899 2631 987 2686 Asat-

68 2701 179 2765 paucos
203 2683 266 2743 dies
284 2684 397 2744 Locros
420 2683 468 2762 (6)
488 2684 591 2745 hexeri
608 2685 765 2760 advectus,
787 2689 854 2749 clim
868 2690 1001 2760 ptonfasc

69 2783 188 2824 causam
199 2764 390 2824 Pleminii‘et
409 2764 597 2826 tribunorum
622 2765 774 2843 audisset,
794 2769 857 2829 Ple·
870 2755 979 2811 mmm·

103 2924 118 2976 5
140 2924 150 2993 (
171 2921 239 2976 Pars
260 2922 309 2976 sub
327 2923 446 2976 tribunis
479 2928 856 2997 quampropriosduceucon.

24 2998 29 3007 “
70 2992 291 3052 mmmmm
301 2993 446 3043 verisimile
480 2995 519 3047 sul
530 2999 624 3048 voluit.
885 3039 887 3043 -

69 3070 111 3106 est
122 3056 262 3106 tribunosi
274 3058 399 3123 Scipione
412 3076 447 3111 ex
511 3065 528 3114 6
540 3065 549 3129 (
559 3062 668 3117 uexari
675 3064 684 3128 )
695 3064 769 3114 Nave
781 3099 786 3122 ,
797 3077 855 3128 quas

70 3123 163 3175 Sicilia
183 3124 278 3174 missos
300 3142 362 3176 *esse
383 3125 446 3178 cum
479 3147 525 3181 sex
557 3146 687 3179 remorum
720 3130 854 3181 ordinibus

70 3191 161 3308 alippio
178 3191 294 3241 militum
317 3207 444 3256 numero,
477 3209 604 3265 ageretur.
621 3197 680 3254 Vox
693 3195 788 3251 Groeca
805 3207 854 3253 est.

73 3273 117 3334 qui
135 3274 165 3309 us
176 3270 202 3311 et
209 3274 322 3326 proeesss
332 3275 377 3313 eos
388 3272 446 3333 trin«¹
688 3292 690 3296 Α
