2016 3780
160 180 228 247 -168
389 150 519 237 T'tcs
556 162 713 259 Lrv11

203 273 272 338 Xll.
290 271 472 333 Samnitibus
488 289 542 350 pro
560 269 686 350 superbi
700 274 773 349 paoe
787 264 949 351 infestissi:

163 376 244 417 mum
273 351 460 414 cernentibus
482 354 621 408 'renatum
643 349 754 408 bellum
780 393 789 421 ‚
819 347 942 420 omnia5

64 486 66 501 ,
164 456 228 516 quae
245 434 353 494 deinde
370 440 536 500 venerunt,
561 448 619 488 non
637 431 672 488 in
693 429 800 505 animis
823 427 919 487 sollum
934 470 944 499 ,

165 515 215 576 sed
241 512 333 593 prope
355 513 387 569 in
410 509 504 570 oculis
523 527 608 568 esse:
628 509 743 573 ansero
761 521 795 570 ac
822 508 951 585 nequic-·

165 604 255 673 quam
280 590 401 652 laudare
422 592 500 648 senis
521 589 621 648 Pontii
635 592 762 667 utraque
787 587 914 649 consilia
937 630 948 661 ,

165 675 244 734 inter
260 691 329 753 quae
343 689 374 731 se
390 670 489 730 media
498 667 618 748 lapsos,
637 671 770 730 victoriae
785 669 951 750 possessio-

165 773 233 812 nem
247 772 322 832 pace
339 750 454 811 incertd
469 750 597 809 mutdsse
613 793 622 822 ,
648 759 678 809 et
692 749 829 810 beneficii
842 754 951 811 et'ma-

165 833 258 896 teficii
287 832 444 892 occasione
463 829 572 890 'amissi
587 827 600 902 ‚'
620 842 799 911 pugnaturos
815 832 883 892 cum
905 831 953 891 eis

166 909 240 994 quos
256 913 408 994 potuerint
422 912 455 970 in
497 914 651 990 erpetuur'n
669 897 716 970 vel
737 912 877 975 inimicos
893 911 954 970 tol-

166 995 229 1055 lere
242 1026 251 1065 5
282 992 328 1053 vel
343 993 454 1051 amicos
468 929 568 1050 licere
581 991 734 1070 :adeoque
746 1037 761 1069 Ι,
786 991 869 1051 nullo
882 989 954 1053 dum

167 1074 329 1136 certa-mine
349 1072 499 1131 inclinatis
515 1070 628 1139 viribus
652 1114 661 1143 ‚
694 1072 774 1151 post.
787 1070 954 1134 Caudinam

189 1174 270 1214 ecem
289 1152 378 1212 animi
395 1160 573 1210 mutaverant
600 1158 609 1224 ,“
641 1150 851 1237 nt'clariorern
873 1149 955 1227 inter

168 1176 316 1295 Romanos
335 1230 448 1291 dedltio
471 1231 656 1291 Postumium
671 1273 681 1300 ,
695 1228 955 1310 ·qndm··Pontium

168 1317 323 1374 incruenta
340 1313 466 1374 victoria
485 1311 563 1369 inter
584 1311 730 1370 Samnites
750 1311 860 1372 laceret
882 1337 891 1385 3
924 1323 957 1372 et

169 1395 236 1474 geri
257 1411 344 1473 posse
365 1391 475 1452 bellum
490 1390 627 1467 'Romani
643 1406 704 1471 pro
725 1390 853 1451 victorii¹
872 1392 972 1462 certi,

170 1475 333 1546 haberent,
361 1472 505 1533 Samnites
521 1469 609 1547 simul
625 1470 783 1549 rebellasse
794 1481 829 1547 ¹et
845 1464 958 1532 vicisse

171 1553 325 1617 crederent
341 1553 531 1614 Romanum·
955 1574 964 1600 t

69 1649 158 1700 Pretio
211 1634 295 1697 Xlll.
324 1634 468 1697 Consules
491 1633 567 1691 inter
584 1651 615 1691 se
634 1631 737 1711 partiti
762 1630 931 1711 provincias
951 1644 961 1704 ‚'

41 1710 140 1756 rincun-
173 1715 306 1792 Papirius
327 1715 358 1771 in
379 1713 516 1793 Apuliam
534 1711 569 1772 ad
587 1712 742 1771 Luceriam
759 1713 882 1792 pergit,
905 1712 960 1774 ubi

42 1780 80 1814 “ff
92 1769 160 1842 Sam·
172 1794 285 1870 equites
300 1791 426 1851 Romani
438 1790 603 1849 obsiderat
617 1790 762 1851 Caudium
778 1791 840 1851 dati
859 1802 963 1852 custo-

43 1839 328 1938 ”diiialaateaanur
349 1891 355 1927 ;
379 1869 694 1929 sua-rtttustnsamnto
710 1860 841 1931 sensnm
854 1871 962 1933 adven

173 1953 223 2013 sta
241 1948 387 2012 Caudinas
402 1950 547 2027 legiones.
568 1948 721 2009 Distendit
741 1970 776 2010 ea
798 1967 846 2011 res
875 1950 961 2011 Sam-

173 2033 283 2094 nitium
300 2031 443 2104 animos,
477 2027 561 2111 qudd'
576 2049 631 2090 nec
652 2028 689 2090 'ad
712 2032 868 2092 Luceriam
889 2033 963 2103 ire,

175 2115 212 2174 ne
230 2113 271 2173 ab‘
288 2123 371 2190 tergo
390 2113 511 2170 instaret
531 2109 626 2170 hostis
638 2124 653 2184 3'
680 2131 734 2173 nec
754 2108 897 2185 manere,
921 2112 961 2173 nd

176 2194 302 2257 Luceria
324 2191 444 2251 interim
460 2191 676 2264 amitteretur,
706 2194 779 2254 satis
804 2193 961 2257 audebant.

175 2276 337 2355 Optimum
352 2273 447 2334 visum
466 2284 511 2332 est
530 2271 715 2334 committere
732 2293 793 2333 rem
813 2272 965 2345 fortunae,

177 2368 206 2414 et
224 2354 386 2431 transigere
402 2373 469 2413 cnm
485 2353 615 2413 Publilio
633 2366 791 2414 certamen.
813 2352 915 2429 ltaque
931 2354 964 2412 in

179 2437 275 2497 aciem
294 2434 394 2512 copias
413 2433 564 2511 edu-cunt(
601 2498 604 2505 ¹
785 2488 789 2503 ,
957 2440 959 2445 ·

196 2515 302 2579 ·x1v.
329 2512 474 2573 Adversis
491 2531 570 2592 *quos
594 2511 737 2573 Publilius
763 2509 866 2573 consul
892 2511 961 2572 ctlm

178 2595 371 2656 dimicaturus
398 2603 475 2654 esset
499 2637 507 2666 ‚
540 2592 621 2672 prids
641 2592 830 2672 alloquendos
848 2591 963 2653 milites

179 2686 280 2744 ratus,
302 2675 478 2734 concionem
490 2672 628 2732 advocari
645 2676 740 2754 jussit.
762 2673 902 2737 Ceterum
925 2671 963 2731 si-

180 2764 230 2811 cut
251 2754 363 2827 ingenti
383 2751 534 2810 alacritate
550 2752 584 2812 ad
602 2753 771 2832 pretorium
787 2771 962 2817 concursum

180 2842 247 2902 est,
263 2830 303 2887 its
319 2848 378 2908 prae
393 2829 521 2888 clamore
534 2833 720 2910 poscentium
738 2849 865 2910 pugnam
880 2830 963 2891 nulla

181 2909 349 2971 adhortatio
370 2908 557 2986 imperatoris
570 2907 668 2968 audita
687 2919 740 2966 est.
759 2909 833 2967 Suus
855 2912 963 2986 cuique

183 2989 299 3052 animus
325 3006 438 3045 mernor
462 2987 632 3062 ignominiae
653 2984 818 3055 adhortator
848 2987 959 3051 aderat.

181 3066 298 3135 Vadunt
316 3067 409 3144 igitur
421 3067 453 3122 in
472 3064 606 3144 praelium
624 3073 767 3143 urgentes
776 3063 935 3141 signiferos
950 3087 958 3123 ε

182 3152 244 3225 et‚'
280 3151 316 3208 nd
346 3140 429 3207 mora¹
446 3147 478 3205 in
507 3152 650 3211 concursu
672 3142 741 3225 pilis
763 3140 958 3217 emittendis:

181 3228 419 3310 stringendisque
439 3226 507 3287 inde
529 3224 635 3305 gladiis
660 3235 761 3297 esset,
794 3222 859 3308 pila
875 3222 963 3284 'velut

182 3312 253 3377 dato
275 3310 310 3375 ad
325 3309 355 3371 id
370 3311 455 3391 signo
470 3309 638 3393 abiiciunt,
665 3307 843 3388 strictisque·
857 3303 963 3386 gladiis

879 3405 965 3449 cursu
