2016 3780
237 199 510 277 Nunnuaro
558 200 680 273 xix.
807 178 877 293 89Ι

45 332 52 347 ”
106 309 146 371 11.
169 309 319 381 Romani,
343 309 411 368 edm
427 327 494 387 pars
508 307 601 383 major
616 326 653 364 ex
670 305 735 365 acie
758 304 851 365 Veios
885 317 983 369 Rom..

64 395 226 472 petiisset,
256 409 344 447 nemo
368 407 520 463 superesse
544 406 721 467 quemquam
745 395 943 464 praeternorwn

67 472 191 548 eosqui
214 469 337 529 Romam
364 468 555 546 refugerant,
587 467 742 535 crederet,
769 456 949 522 com-mm·

66 549 175 629 plorati
198 569 298 607 ornnes
322 551 432 628 pariter
452 549 513 606 viri
535 548 728 623 mortuique,
759 555 877 602 totam.

27 637 31 642 '
66 631 161 708 prope
182 629 283 689 urbem
305 629 442 688 lamentis
463 626 690 707 imples-erunt:
717 625 853 706 priuatos

67 707 173 766 deinde
188 708 284 769 luctus
304 707 464 789 stupefecit
479 707 616 786 publicus
632 725 746 785 pavor,
770 714 852 785 post-

65 808 154 864 quam
178 788 277 848 hostes
292 787 396 849 adesse
416 792 580 848 nuntiatum
603 799 647 846 est
665 812 674 858 ;
696 804 766 842 mox
789 784 853 843 ulu-

64 868 139 928 latus
163 880 324 951 cantusque
361 868 528 943 dissonos,
568 866 742 944 vagantibus
771 865 851 922 circa

65 950 176 1006 moenia
195 951 347 1008 turmatim
370 948 525 1025 barbaris„
550 947 715 1008 audiebant.
751 943 851 1004 Omne

65 1027 134 1085 inde
152 1039 267 1108 ternpus
282 1047 440 1107 suspensos
456 1029 500 1087 ita
521 1031 617 1091 tenuit
628 1029 741 1084 animos
758 1042 851 1102 usque

65 1105 103 1166 ad
124 1107 218 1166 lucem
236 1107 381 1183 alteram,
395 1120 426 1166 ut
445 1108 604 1169 identidem
625 1108 732 1187 jamin
749 1104 851 1162 urbem

64 1186 181 1246 futurus
214 1187 362 1247 videretur
396 1191 535 1267 impetus.
569 1191 669 1249 Primo
699 1183 849 1256 adventu,

66 1286 125 1345 quo
146 1280 328 1327 accesserant
346 1268 380 1330 ad
403 1269 506 1329 urbem
528 1296 537 1343 3
567 1266 747 1346 (inuasuros
774 1268 850 1324 enirn

68 1352 105 1406 od
118 1347 224 1406 Alliam
232 1352 344 1419 fuisse,
365 1352 418 1408 uisi
430 1350 480 1408 froc
493 1349 602 1409 consilii
612 1348 728 1420 ferret)
742 1343 850 1402 deinde

68 1426 123 1484 sub
147 1443 283 1484 occasum
307 1427 404 1498 solis,
435 1428 505 1505 quia
534 1427 610 1488 haud
637 1425 762 1488 multum
787 1424 852 1484 diei

68 1515 241 1584 supererat,
260 1515 327 1562 ante
345 1518 462 1564 noctem
477 1508 534 1563 rati
553 1526 584 1565 se
601 1509 771 1576 invasuros,
788 1516 852 1563 tum

66 1585 100 1643 iu
125 1594 245 1645 noctem
268 1583 393 1644 dilatum
415 1583 676 1660 consiliumne,
703 1586 762 1664 quo
786 1583 852 1665 plus
930 1594 933 1599 '

63 1666 189 1743 pavoris
211 1662 364 1724 inferrent.
716 1719 719 1725 .

109 1743 163 1804 tlt.
181 1745 331 1805 Postremi>
343 1743 396 1806 lux
410 1746 650 1828 appropinquans
662 1741 852 1804 exanimare:
906 1770 982 1835 capt·

66 1823 227 1905 timorique
252 1839 400 1908 perpetuo
429 1830 529 1907 ipsum
558 1827 672 1887 malum
697 1824 852 1885 continens
862 1831 964 1901 rorigus¹

64 1902 151 1978 fuit,
183 1905 252 1966 edm
278 1909 364 1983 signa
394 1907 500 1968 infesta
529 1909 626 1988 portis
655 1904 722 1966 'sunt
754 1897 978 1966 illata.’.'¹‘¹²'“''’

64 1985 260 2064 Nequaquam
276 1999 373 2048 tamen
387 1987 423 2046 ed
439 1999 547 2060 nocte,
569 2007 666 2065 neque
680 1984 849 2064 insequenti
858 1964 973 2074 {2:223

66 2062 138 2134 die,
162 2065 269 2125 similis
291 2066 360 2138 illi,
381 2086 445 2145 quae
467 2066 500 2126 ad
521 2066 633 2126 Alliam
657 2078 718 2125 tarn
737 2063 848 2145 pavide

65 2140 206 2219 fugerat,
223 2147 270 2220 (1)
286 2145 389 2205 civitas
410 2145 476 2206 fuit.
492 2146 568 2205 Nam
579 2145 648 2204 sirm
659 2143 778 2204 defendi
800 2165 849 2202 ur-

65 2220 135 2284 bem
150 2240 259 2302 posse,
278 2234 339 2284 tam
352 2221 443 2304 par'vd
454 2223 558 2283 relicta
568 2243 672 2293 manu,
688 2242 756 2302 spes
771 2222 850 2284 nulla

65 2313 166 2375 esset,
185 2300 297 2384 placuit
311 2322 379 2364 eum
391 2303 567 2385 conjugibus
583 2321 617 2363 ac
628 2301 732 2362 liberis
747 2305 850 2382 juven-

63 2393 158 2442 tutem
174 2380 358 2459 militarem,
378 2382 679 2466 seuatdsquerobur,
704 2385 735 2442 in
749 2400 848 2445 arcem

64 2465 299 2544 capitoliumque¹
320 2464 538 2536 conscendere,
560 2464 708 2544 armisque
734 2475 763 2525 et
785 2463 861 2527 fru-x

63 2554 166 2603 mento
194 2543 337 2620 collatis,
367 2566 404 2606 ex
434 2546 503 2605 loco
525 2544 595 2605 inde
617 2544 731 2605 munito
748 2544 847 2620 deos,

64 2620 281 2703 hominesque,
303 2637 333 2684 et
356 2624 521 2685 Romanum
544 2644 652 2684 nomeu
668 2624 845 2686 defendere:

62 2702 213 2763 flaminem
244 2705 468 2783 sacerdotesque
493 2703 643 2777 vestales,
675 2724 759 2766 sacra
790 2704 846 2789 pu-¹

61 2782 140 2846 blica
162 2783 178 2843 d
202 2783 303 2857 caede,
328 2787 363 2846 ab
386 2783 552 2858 incendiis,
578 2785 684 2865 procul
704 2786 845 2861 auferre3

60 2883 116 2924 nec
138 2866 206 2924 ante
223 2862 319 2924 deseri
336 2865 449 2924 cultum
461 2885 586 2939 eorum,
609 2866 696 2945 quim
719 2887 776 2926 nou
800 2887 844 2928 su·

59 2957 215 3025 peressent
235 2944 287 3024 qui
307 2944 450 3005 colerent.
473 2944 505 3007 Si
529 2969 587 3007 arx
606 2945 845 3030 capitoliumque,

60 3028 141 3085 sedes
168 3029 303 3099 deorum,
329 3029 354 3087 si
367 3032 512 3102 ’δεκτικὴ
542 3039 627 3109 caput
641 3027 755 3108 >publici
777 3048 843 3085 cun-

61 3162 68 3177 ’
94 3160 365 3230 1(Oioitos)Cives
381 3164 436 3217 Ro·
467 3165 553 3228 risse,
578 3164 659 3235 quam
688 3163 790 3214 fuerant
811 3162 847 3216 ad

62 3233 143 3281 mani.
155 3229 254 3282 Sensus
270 3244 324 3291 est;
338 3235 435 3284 Roma*
468 3233 586 3293 Alliam,
601 3232 669 3284 unde
682 3244 736 3283 tam
749 3225 845 3297 pavidi

62 3295 436 3367 noseduoctestlnsequenti
469 3299 600 3373 fugerant.

62 3361 105 3417 die
121 3361 197 3434 louge
214 3363 280 3418 alius
294 3382 321 3419 se
336 3367 436 3435 praesti-
468 3400 471 3405 ·
