2016 3780
592 22 605 29 v
638 21 711 29 -=·.—--

141 229 187 305 34
371 217 500 289 'l'tss
548 216 702 289 Ltvtt

180 323 220 383 ΙΙ.
246 321 334 385 Vadit
360 319 428 378 inde
453 320 485 377 in
510 324 639 400 primum
665 320 775 382 aditum
797 327 899 404 pontis
923 350 932 391 ς

139 404 324 484 insignisque
348 400 427 458 iuter
447 414 605 481 conspecta
629 401 797 462 cedentium
826 427 936 486 pugnae

140 496 245 563 terga,
269 482 400 543 obtensis
410 481 546 541 comiutis
562 481 597 542 ad
611 481 774 543 ineundum
792 489 934 564 puaelium
990 546 993 550 .

141 568 248 633 armis,
266 564 333 642 ipso
345 561 489 620 miraculo
505 561 635 622 audaciae
647 561 848 642 obstupefecit
863 567 935 628 hos·

141 656 203 716 tes,
221 643 296 703 duos
308 654 405 699 tamen
423 660 491 700 cum
506 661 543 700 eo
556 641 651 721 pudor
667 644 781 715 tonuit,
799 642 851 726 Sp.
868 651 935 707 [ar.

141 727 216 782 tium
229 741 262 781 ac
272 722 309 784 T.
324 722 523 793 Herminium,
534 724 634 782 ambos
649 721 935 800 clarosgenerefac.

141 804 247 880 tisqtto.
270 806 345 862 Cum
363 801 409 862 his
423 804 548 885 primam
561 801 687 882 periculi
702 804 888 883 procellam,
902 819 935 867 et

140 881 217 961 quod
242 883 537 941 tumultuosissimum
557 903 662 963 pugnae
674 895 755 957 erat,
772 902 936 967 parumper

97 1000 101 1007 ·
141 964 303 1039 sust-iuuit5
328 959 436 1021 deiude
462 981 512 1022 eos
537 982 655 1042 quoque
683 963 789 1045 ipsos,
820 966 936 1045 exigud

140 1055 223 1124 parte
246 1044 344 1124 pontis
364 1038 491 1115 relicti,
514 1043 719 1107 revocantibus
744 1046 798 1124 qui
817 1048 935 1107 rescin-

140 1122 267 1196 debant,
289 1122 395 1183 cedere
416 1124 448 1183 in
471 1134 567 1185 tntum
591 1127 697 1203 coegit.
743 1188 747 1195 ,

152 1245 156 1253 ·
175 1215 234 1277 Hi.
245 1215 464 1277 Circumfetens
477 1214 547 1274 inde
558 1225 653 1276 truces
663 1216 935 1281 minaciterocutos
960 1251 963 1257 ·

142 1295 176 1357 ad
190 1315 337 1377 ‘proceres
361 1295 575 1369 Etruscorum,
600 1315 677 1358 nunc
704 1298 839 1378 singulos
861 1319 940 1380 pro-¹

141 1382 248 1436 vocare
263 1395 363 1448 ,nunc
379 1377 536 1453 increpare·
554 1388 667 1437 omnes.
691 1376 810 1440 Servitia
833 1400 934 1459 regttm

142 1457 342 1541 superborum,
363 1479 418 1517 snoe
437 1457 579 1518 libertatis
593 1460 790 1532 immemores,
808 1459 935 1521 alienam

142 1561 159 1597 o
177 1550 332 1618 pugnatum
352 1540 453 1599 venire.
482 1537 621 1600 cunctati
648 1537 819 1619 aliquandiu
839 1550 935 1614 sunt,

165 1638 214 1693 um
229 1617 303 1678 alins
321 1617 432 1692 stium,
457 1630 489 1679 ut
513 1619 649 1697 prelium
677 1620 846 1700 incipiant,
877 1619 937 1679 cir·

143 1709 370 1779 cumspectant5
390 1699 483 1777 pudor
500 1699 605 1761 deinde
629 1701 789 1761 commovit
812 1698 909 1759 aciem
924 1728 937 1775 i

142 1778 172 1835 e't
196 1781 324 1839 clinnore
350 1777 467 1837 sublato
494 1776 621 1853 undique
644 1781 677 1836 in
700 1800 790 1839 unum
817 1779 937 1841 hostem

142 1840 397 1937 thiajcouj'tciunt.
435 1854 508 1933 Quae
535 1852 604 1915 etim
631 1857 663 1913 in
684 1854 804 1936 objecto
827 1872 936 1934 cuncta

143 1940 228 2017 sjc'ut'o
260 1932 430 2005 haesissent,
456 1951 551 2011 neque
572 1932 627 1995 itte
647 1935 746 1998 minsis
767 1936 939 2001 obstinatus

141 2014 256 2093 ingenti
280 2010 401 2092 pontem
424 2013 574 2074 obtineret
593 2014 711 2093 gradu,
736 2017 795 2096 jam
819 2018 937 2098 impetn

143 2094 322 2175 conabuntur
338 2091 492 2153 detrudere
508 2094 605 2155 virum
622 2117 628 2154 ε
648 2096 716 2159 ciun
732 2094 820 2158 simul
836 2097 937 2177 fragor

142 2176 224 2257 rupti
245 2177 328 2259 ponti
339 2201 349 2249 ;
372 2175 460 2239 simul
482 2175 595 2239 clamor
612 2172 813 2241 Romanorum
832 2178 937 2240 alacri-

144 2267 203 2317 tate
232 2257 360 2339 petfecti
382 2259 488 2341 'operis
517 2259 672 2336 sublatus,
696 2281 806 2343 pauore
835 2261 937 2321 subito

142 2340 288 2417 impetum
311 2338 461 2402 sustinuit.
567 2398 570 2404 ,
648 2362 649 2366 ’

184 2430 237 2491 tv.
254 2419 474 2498 temtantes,
496 2429 742 2504 Tubusuptum,
768 2428 882 2502 tuqus,
905 2439 936 2487 se

143 2498 240 2577 sancto
261 2526 379 2585 precor,
403 2496 460 2562 h'oec
476 2512 601 2561 annuet
616 2500 686 2559 dunc
703 2502 823 2561 militem
860 2510 935 2581 rapt.

168 2584 313 2661 ostensius
335 2586 473 2663 accipias:
491 2585 535 2643 tta
549 2580 593 2638 sic
610 2590 736 2642 armatus
753 2579 836 2643 imTi
877 2584 934 2640 rim

143 2601 264 2727 desiluit
274 2712 283 2737 ,
294 2656 457 2742 multisque
467 2658 758 2754 sunerincidontibus
772 2660 838 2735 telis
850 2663 936 2724 inco·

143 2746 233 2811 tumis
251 2744 290 2805 ad
315 2764 382 2806 suos
402 2755 545 2819 tranant,
567 2761 631 2803 rem
654 2761 743 2803 ansus
764 2742 834 2817 plus
851 2743 937 2805 fsmae

144 2825 313 2899 habituram
326 2820 362 2905 ad
378 2837 532 2905 posteros,
551 2825 638 2899 quim
652 2821 742 2893 fidei„
759 2822 852 2889 Grata
865 2841 936 2898 erga

144 2918 254 2971 tantam
278 2908 416 2968 virtutem
437 2906 542 2965 civitas
558 2903 637 2964 fuit:
655 2915 748 2964 statua
764 2902 795 2960 in
808 2893 938 2965 cimino

191 2989 270 3067 sita,
302 2988 365 3064 agri
386 2985 527 3066 qusnttim
547 3003 606 3045 uuo
629 2985 685 3047 die.
706 2983 937 3058 circumaravit,

165 3079 256 3130 atum.
272 3068 387 3127 Privata
399 3085 532 3144 quoque,
545 3066 624 3131 inter
634 3062 773 3145 publicos
788 3063 936 3137 honores,

146 3142 244 3213 studia
270 3143 461 3223 emineh'nnt5
486 3163 551 3203 nam
569 3142 600 3201 in
615 3143 720 3223 magni
734 3143 859 3222 inopia,
879 3165 939 3226 pro

147 3230 323 3293 domesticis
333 3229 447 3309 copiis,
460 3226 659 3304 unusquisque
674 3225 706 3292 ei
717 3223 848 3306 aliquid,
861 3223 937 3294 inau-

141 3310 218 3379 daus
239 3331 269 3374 se
286 3312 352 3394 ipse
374 3310 458 3391 uictu
472 3327 552 3384 suo,
575 3303 713 3368 contudit.
