2016 3780
177 126 450 195 Ninnium
496 120 693 191 XXXV.
763 146 832 215 219·

46 231 121 297 rolris
145 251 179 292 eu
206 228 354 290 victoribus
376 229 505 307 proponit
530 270 539 298 ,
569 224 669 306 quibus
691 226 831 306 ampliora

32 307 171 377 'nomines
185 330 220 370 ne
240 308 277 368 ob
300 311 356 368 diis
378 311 489 389 quidem
508 303 715 365 immortalibus
732 317 830 386 optare

47 393 150 455 solent.
168 389 198 450 Si
216 387 342 449 Siciliam
355 390 461 448 tontlrm
478 408 511 446 oc
525 384 706 458 Sardiniam,
727 407 832 466 poren-

40 468 125 533 'tibus
139 473 243 531 nostris
259 480 390 549 ereptos,
413 467 507 528 nostri
522 470 624 526 uirtute
643 469 833 547 recuperaturi

51 573 196 623 asemas,
217 553 288 610 sotis
303 562 395 609 tomen
408 547 504 629 amplo
519 551 611 629 pretio
624 560 726 606 essent.
743 541 834 624 Quid-¹
875 553 877 557 ’

51 635 119 714 quid
131 629 249 691 Romani
263 640 305 690 tot
323 629 472 709 triumphis
490 640 604 709 portum
619 639 835 707 congestumque
928 669 938 684 .

51 715 223 794 possident,
255 713 285 769 id
300 731 379 770 omne
396 721 517 769 vestrum
541 729 602 768 curn
622 711 692 788 ipsis
717 711 836 767 dominis

43 795 177 864 futurum
202 802 254 851 est.
282 788 315 848 ln
338 791 409 849 lione
429 801 488 850 tom
511 791 632 868 opimam
652 792 837 860 mercedem,

52 876 131 951 ogitc
147 915 156 944 ,
181 892 242 930 curn
254 872 310 930 diis
320 868 388 930 bene¹
396 868 559 952 juvantibus
571 889 651 928 ormo
664 870 766 947 copite.
786 866 840 928 So-

53 955 91 1017 tls
105 951 195 1011 odluc
210 954 239 1010 in
260 947 326 1026 (6)
349 955 436 1010 nostis
453 948 607 1010 Lusitaniae
623 946 838 1029 Celtiberieque

54 1035 215 1102 montibus,
239 1050 341 1109 pecore
361 1034 569 1102 consectando,
601 1029 710 1090 nullum
730 1027 838 1089 emolu·

44 1121 180 1186 ,mentum
205 1121 248 1169 tot
273 1110 397 1170 lolrorum
422 1109 663 1192 periculorumque
685 1121 839 1170 nestrorum

57 1193 177 1249 vidistis.
204 1183 323 1269 Tempus
340 1203 384 1252 est
394 1194 476 1270 jorn,
502 1189 632 1272 opulento
649 1211 695 1250 ros
715 1212 748 1251 oc
767 1193 840 1249 ditia
911 1238 915 1248 ,

58 1272 196 1348 stipendio
205 1271 302 1339 focem
319 1310 328 1343 ,
344 1285 374 1333 et
384 1292 487 1350 magno
506 1293 596 1352 operar
610 1275 702 1352 pretio
715 1274 839 1342 mereri,

59 1352 167 1408 tontirm
182 1351 290 1408 itineris
300 1373 351 1430 per
358 1365 404 1413 tot
420 1363 527 1412 montes
539 1351 716 1432 flumineque
729 1395 738 1423 ‚
757 1364 787 1410 et
798 1361 841 1410 tot

61 1441 187 1487 ormotos
205 1442 307 1506 gentes
326 1475 334 1502 ,
355 1453 488 1491 emensos.
515 1431 570 1490 tm
593 1431 667 1492 rolris
691 1434 841 1492 terminum

62 1504 188 1567 laborum
200 1510 320 1578 fortune
342 1515 420 1570 dedit
446 1533 456 1568 .·
480 1510 524 1570 liic
547 1513 664 1591 <lignem
687 1515 844 1570 mercedem

63 1590 188 1649 emeritis
198 1590 345 1668 stipendiis
355 1589 444 1650 notit.
806 1646 807 1652 ,

103 1664 160 1730 Xl.
181 1668 260 1741 Nec,
282 1670 364 1750 quim
385 1673 484 1750 mogni
506 1673 626 1730 nominis
646 1668 752 1730 bellum
775 1679 845 1741 est,

64 1761 122 1809 tom
141 1746 282 1824 difficilem
301 1753 503 1812 existimaritis
522 1753 664 1811 victoriam
680 1757 757 1825 fore.
784 1746 846 1808 Soe-

62 1850 98 1911 pe
117 1841 145 1888 et
160 1841 335 1911 contemptus
357 1834 445 1894 hostis
463 1843 607 1892 cruentum
624 1841 765 1890 certamen
783 1830 846 1889 edi·

62 1913 131 1980 dit,
154 1923 183 1970 et
198 1912 297 1986 inclyti
308 1910 408 1995 populi
424 1918 557 1994 regesque
581 1913 647 1990 (7)
666 1912 772 1992 perlevi
789 1931 849 1969 mo·

57 2001 156 2049 mento
170 1994 235 2050 victi
255 2006 331 2051 sunt.
352 1994 448 2065 Nom,
473 1998 585 2072 dempto
597 1993 647 2051 linc
667 2013 719 2051 uno
728 1988 847 2067 fulgore

66 2072 185 2126 nominis
208 2071 350 2143 Romani,
379 2077 447 2153 qnid
463 2085 527 2142 est,
543 2093 599 2130 cur
618 2072 664 2130 illi
682 2071 758 2129 robis
777 2089 850 2128 com·

66 2151 187 2226 poronrli
203 2151 285 2209 sinti
311 2152 350 2210 Ut
368 2156 469 2230 uiginti
489 2173 624 2211 annorum
640 2150 773 2210 militiam
795 2168 851 2208 ves·

69 2238 142 2306 tram
154 2227 281 2288 eum'illo
294 2231 416 2302 virtute,
436 2253 498 2290 cum
509 2230 705 2305 illusorum,
721 2242 830 2290 toccum
837 2247 851 2300 ,·

68 2311 105 2366 ob
127 2305 259 2367 Herculis
279 2309 435 2384 columnis,
455 2310 492 2370 ol
514 2309 645 2383 Oceano,
661 2313 853 2388 'terminisque

69 2385 178 2447 ultimis
199 2399 336 2462 terrorum
348 2434 357 2462 ‚
370 2412 423 2469 per
438 2402 481 2450 tot
488 2395 681 2463 ferocissimos
706 2389 869 2469 Hisponioe,
934 2406 936 2409 ·

70 2479 108 2543 et·
131 2464 235 2526 Gallie
259 2471 382 2551 ¹populos
414 2474 552 2532 vincentes
588 2471 641 2532 lruc
676 2471 853 2551 pervenistis·

72 2546 243 2626 Pugnabitis
258 2571 319 2610 cum
333 2555 461 2615 exercitu
476 2555 588 2624 tirone,
610 2552 661 2610 liic
677 2551 738 2632 ipsi
754 2561 855 2612 estote

72 2647 142 2687 cuso
155 2671 163 2699 ‚
176 2631 267 2701 ricto,
290 2631 470 2695 circumsesso
484 2631 501 2688 l
515 2630 631 2704 Gallis,
656 2635 753 2711 ignoto
764 2629 855 2695 octor

59 2710 136 2783 ,out
153 2729 207 2768 suo
223 2712 420 2793 ignorantique
437 2717 544 2773 ducem.
569 2711 614 2771 An
637 2733 703 2787 me,
734 2714 763 2772 in
782 2731 857 2791 pro·

72 2791 143 2850 torio
161 2796 277 2869 putris,
302 2790 453 2852 clarissimi
472 2795 676 2873 imperatoris,
701 2790 788 2873 prope*
804 2813 857 2851 nn-

73 2880 154 2941 cum,
176 2868 251 2935 certl
265 2873 418 2944 eductum,
443 2877 608 2937 domitorem
629 2871 773 2952 Hisponioe
788 2870 860 2932 Gol-

74 2947 170 3029 lioque
194 2994 203 3022 ‚
245 2953 375 3012 rictorem
408 2959 533 3017 eumdem
557 2997 567 3028 ,
602 2975 656 3013 non
689 2954 859 3032 Alpinorum

76 3032 154 3089 modi
170 3037 319 3108 gentium,
343 3037 394 3094 sed
407 3037 529 3115 ipsorum
547 3078 555 3107 ,
580 3037 654 3114 quod
669 3033 755 3093 multi
768 3034 860 3112 majus

81 3232 87 3244 ,
110 3167 281 3238 6qusti-s')
298 3140 415 3229 llrsoitis
427 3187 454 3227 et
486 3170 636 3227 laevissima
672 3170 834 3237 impulsione
849 3203 860 3240 1,

80 3234 214 3298 ¹¹¹⁰Plb⁰⁸·
291 3234 295 3245 ’
341 3248 401 3295 '.=.
486 3259 570 3309 parvo
583 3237 741 3303 molimine,
762 3232 882 3308 facito..

115 3315 129 3365 7
149 3301 285 3365 (Perleri
300 3309 453 3376 momento)
538 3344 541 3351 .

637 3370 703 3432 1<2

835 3344 840 3353 ’
905 3368 956 3512 t
