2016 3780
256 124 289 192 N
306 146 402 193 ann
419 143 543 193 arto
588 121 784 194 XXXVII.
830 131 898 215 237

114 216 174 305 que
192 225 260 286 laeto
277 224 391 286 ferocia
402 224 505 297 ducis,
519 243 588 285 cum
604 243 687 304 spem
699 227 792 305 tnagis
803 228 899 310 ipsam

115 307 206 389 quim
230 325 345 365 causam
367 305 430 385 spei
446 307 620 366 intueretur.

158 384 242 448 XVI.
257 385 422 461 “AnnibaI‚
448 385 529 468 quod
556 385 617 465 agri
643 394 687 444 est
708 384 787 445 inter
800 384 902 446 Corto-

117 483 187 522 nam
203 464 305 524 urbem
315 464 579 548 TresImenumque
600 466 721 535 lacurn,
746 465 825 524 omni
842 464 902 525 cla-

118 542 158 602 de
188 544 258 606 betti
284 561 452 628 pervastat,
469 552 527 627 quo
549 546 645 625 magis
666 547 741 604 iram
764 542 840 603 hosti
866 543 902 604 ad

118 623 307 688 vindicandas
330 633 479 692 sociorum
501 630 626 705 injurias
656 636 749 687 acuat.
783 625 821 685 Et
842 625 915 705 jam*

117 718 308 786 pervenerant
326 709 363 768 ad
381 713 449 770 loca
464 709 586 768 insidiis
596 716 664 765 nata
680 706 753 779 ‚ubi
770 704 902 767 maxime

117 799 232 848 montes
266 789 465 851 Cortonenses
495 789 685 850 Trasimenus
715 786 803 847 subit.
842 786 901 850 via

117 869 229 928 tanturn
247 869 371 929 interest
397 880 593 950 perangusta,
614 865 750 928 velutad
770 868 899 945 idipsum

117 945 155 1004 de
169 948 311 1006 industria
333 948 439 1009 relicto
459 967 472 1006 s
495 948 574 1006 atio:
586 945 690 1008 deinde
710 946 797 1028 pauli)
810 944 900 1007 latior

116 1029 246 1105 patescit
267 1046 388 1108 campus
405 1054 414 1100 ;
432 968 500 1086 imIe
536 1026 627 1088 coIIee
659 1038 821 1106 assurgunt.
854 1025 900 1087 Ibi

118 1117 214 1163 castra
226 1106 257 1162 itt
270 1119 374 1185 aperto
386 1106 463 1166 locat
474 1152 483 1180 ,
495 1108 544 1168 ubi
562 1106 626 1187 ipse
639 1126 705 1166 cum
724 1107 803 1165 Afris
812 1105 900 1165 modo

114 1183 317 1264 Rispanisque
337 1185 516 1247 consideret.
540 1185 700 1259 Baleares,
714 1198 900 1264 ceteramque

70 1310 73 1315 .
116 1263 216 1322 -leuetn
240 1276 437 1336 armaturam,
457 1278 654 1349 postmontes
677 1265 898 1328 circumducit:

117 1343 234 1418 equites
261 1343 299 1404 ad
324 1349 402 1426 ipsas
422 1346 521 1408 fauces
554 1347 645 1410 saltus
660 1391 669 1422 ‚
685 1347 806 1409 tumulis
832 1343 900 1428 apti

120 1421 307 1496 tegentibus,
327 1425 405 1485 locat
418 1472 427 1501 ,
442 1437 493 1500 ut,
514 1428 566 1488 ubi
582 1429 737 1490 intrassent
752 1425 901 1499 Romani,

120 1500 240 1579 objecto
255 1506 408 1583 equitatu,
424 1508 523 1568 clausa
544 1508 644 1569 omnia
665 1506 730 1573 lacu
745 1528 779 1569 ac
791 1504 902 1570 monti-

118 1580 173 1642 bus
189 1594 297 1642 essent,
869 1597 874 1608 ’

114 1675 117 1685 ’
156 1662 256 1727 XVII.
274 1660 437 1728 Flaminius
447 1666 515 1732 crim
536 1665 633 1748 pridie
648 1666 717 1728 eolis
733 1685 839 1727 occasu
865 1663 899 1747 ad
916 1694 919 1701 ·
937 1693 977 1746 p„

75 1792 78 1797 .
111 1739 213 1803 Iacurn
233 1748 440 1825 pertenuem,
463 1747 670 1830 inexplorato,
689 1758 810 1830 postero
826 1744 876 1806 die
890 1789 899 1821 ‚
912 1764 943 1831 aa
991 1794 992 1801 ,

116 1823 235 1885 vixdum
260 1829 332 1888 satis
360 1829 439 1889 certi
469 1830 536 1890 luce
561 1830 703 1908 angustiis
726 1826 992 1910 superatis·,⁵¹me¹²⁴

113 1915 269 1985 postquam
292 1908 323 1966 in
348 1910 543 1988 patentiorem
571 1929 708 1991 campum
741 1909 830 1990 pandi
853 1926 901 2043 Ἓ-

110 2003 183 2042 men
204 1989 320 2065 coepit,
339 1988 370 2046 id
400 1993 512 2050 tantum
531 1991 662 2049 hostium
681 2034 690 2063 ,
710 1988 786 2067 quod
801 2007 870 2046 exa
890 2022 901 2036 -

116 2080 201 2119 verso
224 2077 307 2134 erat,
327 2069 443 2146 aspexit
462 2069 520 2127 :ab
541 2078 625 2149 tergo
647 2088 680 2130 ec
705 2085 793 2146 super
811 2073 902 2145 caput

63 2163 64 2167 ¹
116 2140 165 2217 (8)
181 2141 327 2221 decepere
339 2145 472 2209 insidiae.
703 2166 709 2175 ·
787 2210 791 2221 ,

157 2220 272 2284 XVIII.
299 2225 403 2282 Poenus
429 2225 495 2295 ubi,
516 2223 545 2292 id
563 2222 639 2302 quod
657 2222 802 2304 petierat,
823 2217 903 2280 clau·

116 2321 180 2364 sum
196 2301 261 2362 lacu
277 2321 312 2365 ac
334 2303 483 2367 montibus
499 2313 529 2362 et
543 2303 756 2366 circumfusum
778 2301 839 2360 suis
850 2317 902 2360 co·

115 2385 176 2464 piis
196 2381 297 2441 habuit
311 2383 427 2443 hostem
443 2387 583 2462 ‚signum
596 2383 733 2444 omnibus
749 2379 796 2443 dat
812 2376 901 2441 simut

116 2462 283 2524 invadendi.
297 2465 359 2543 Qui
375 2464 443 2538 ubi,
460 2469 517 2547 qui
532 2466 639 2543 cuique
648 2462 816 2544 proximum
824 2460 900 2532 tuit,

116 2544 330 2616 decucurrere3
355 2546 391 2602 eo
406 2549 502 2626 magis
527 2545 667 2608 Romanis
691 2543 788 2604 subita
813 2544 900 2680 attius

116 2623 277 2705 improvisa
292 2624 426 2699 recinit,
450 2629 528 2706 qubd
548 2637 612 2686 orta
630 2645 666 2685 ex
682 2623 748 2685 lacu
772 2621 848 2683 nebu
864 2624 897 2692 a',

114 2723 223 2783 campo
241 2703 329 2782 quarn
353 2709 505 2768 montibus
525 2707 644 2768 densior
660 2703 790 2778 sederat,
802 2701 899 2781 agmi-

114 2805 210 2864 naque
227 2783 356 2844 hostiurn
377 2806 415 2846 ex
433 2788 567 2869 pluribus
585 2786 711 2848 collibus
734 2783 800 2864 ipra
819 2784 897 2842 inter

114 2886 146 2928 ee
162 2863 233 2926 satis
257 2884 328 2928 cons
350 2877 436 2942 ecta,
458 2889 552 2950 eoque
563 2867 657 2946 magis
678 2864 790 2945 pariter
807 2862 897 2923 dec'u·

114 2958 278 3008 currerunt.
310 2886 477 3022 Rfomanus,
496 2948 626 3010 clamore
656 2945 739 3028 prius
766 2942 896 3022 undique

115 3040 201 3100 orto,
218 3029 307 3106 quIm
330 3027 401 3089 setis
423 3041 580 3103 cerneret,
608 3046 641 3095 te
663 3027 896 3089 citcuurventum

109 3129 180 3169 osse
198 3107 304 3182 sernit3
326 3119 355 3166 et
372 3110 440 3169 ante
453 3111 486 3171 in
501 3109 630 3172 frontem
656 3107 808 3183 lateraque
820 3116 896 3182 pug-

152 3225 162 3289 (
171 3223 186 3274 8
196 3223 339 3288 Deceperc
349 3223 486 3291 insidiae)
501 3223 628 3278 Fefellere
638 3218 743 3274 incidie
753 3253 760 3284 ,
773 3213 788 3264 ὲ
798 3207 897 3276 Flami}

117 3290 162 3344 nio
173 3306 228 3346 non
239 3301 300 3343 sunt
312 3291 515 3349 animadversa:
