2016 3780
154 195 218 281 ηδ
380 187 506 258 T1r1
553 188 710 257 Lrvrr

151 305 198 352 rat
214 293 253 352 eb
265 311 318 364 se,
343 286 449 372 preire
469 294 556 370 jussit
578 293 666 352 verba
681 336 690 365 ‚
707 290 821 370 quibus
843 311 875 354 se
889 291 935 353 le.
971 292 975 299 '

151 373 313 450 gionesque
329 372 456 432 hostium
473 393 528 452 pro
543 374 676 432 exercitu
690 370 791 452 populi
808 372 934 434 Romani

153 453 318 531 Quiritium
333 452 498 511 devoveret.
516 454 650 512 Devotus
666 451 851 512 indesidem
867 472 934 533 pre.

153 535 270 591 catione
283 577 291 605 ‚
305 531 468 610 eodemque
480 531 602 605 habitu,
615 551 672 610 quo
683 542 767 612 peter
780 533 811 591 P..
821 532 933 593 Decius

151 610 190 670 ed
207 613 344 674 Veserim
365 610 445 671 bello
464 611 570 672 Latino
588 631 619 671 se
642 614 765 688 jusserat
783 611 932 671 devoveri.

149 691 227 751 cum
244 690 403 751 secundum
413 688 559 751 solemnes
571 693 758 772 precationes
767 691 933 771 adjecisset,

152 770 214 830 Proe
230 793 260 830 se
279 793 365 850 ogere
384 794 445 831 sese
465 775 643 840 formidinem
660 781 699 830 'ac
711 776 818 854 sugant
842 815 851 844 ‚
882 793 934 831 ca·

151 854 268 931 denque
282 873 315 910 ac
330 873 470 922 cruorem,
489 853 642 912 caeicstiuni
655 895 664 923 ‚
690 854 842 925 inferorum
855 854 935 914 irosl

151 930 217 1006 (3)
237 944 427 991 contacturum
444 931 608 1001 funebribus
627 935 713 990 diris*
725 935 830 1010 signu,
848 931 931 1004 tciri,

75 1041 80 1053 x
154 1029 234 1070 armo
262 1012 385 1070 bostium
406 1033 416 1069 .·
440 1011 581 1091 locumque
600 1015 931 1090 consensissemus,

150 1104 181 1149 et
194 1088 343 1151 Gallorum
358 1111 391 1148 uc
403 1091 571 1151 Samnitium
577 1096 642 1162 fore
655 1114 665 1149 .·
683 1092 752 1163 tiae
763 1102 931 1150 exsecratus

150 1170 182 1227 in
202 1190 233 1229 se
250 1176 406 1247 hostesque
424 1213 433 1240 ‚
459 1170 515 1249 qui
526 1170 780 1230 confertissimam
794 1169 931 1228 cernebat

150 1250 306 1309 Gallorum
323 1251 587 1321 aciem,concitat
599 1269 726 1328 equum:
744 1243 931 1331 inferensque
968 1316 973 1325 .

149 1348 182 1388 se
198 1331 264 1406 ipse
281 1329 397 1390 infestis
412 1331 479 1388 telis
495 1341 539 1389 est
556 1331 738 1390 interiectus.
791 1378 794 1384 .
850 1346 868 1384 ¹.

189 1408 243 1472 IX.
264 1415 312 1486 (t)
330 1411 390 1471 Vix
406 1409 543 1468 bumsnae
557 1409 630 1489 inde,
644 1412 710 1490 opis
722 1400 816 1469 videri
833 1428 931 1490 pugne

148 1491 255 1568 potuit.
270 1491 395 1551 Romani
409 1535 417 1563 ‚
444 1488 520 1550 duce
533 1492 660 1564 smisso,
683 1509 807 1571 queres
821 1490 931 1550 terrori

149 1570 222 1630 eliis
241 1590 305 1632 esse
325 1569 420 1643 solet,
445 1570 550 1633 sistere
566 1571 668 1650 iugum
684 1615 700 1644 ‚.
716 1589 750 1630 sc
768 1589 871 1630 novam
893 1567 931 1628 de

149 1650 269 1730 integro
291 1652 367 1711 velle
395 1652 558 1711 instaurare
587 1649 825 1730 pugnum'Galli
854 1693 863 1723 ‚
900 1658 932 1709 et

148 1734 278 1791 maxime
299 1732 405 1810 globus
429 1732 623 1790 circumstans
644 1730 776 1790 consulis
795 1734 931 1811 corpuss
972 1789 974 1794 ,

148 1809 227 1868 velut
244 1811 369 1870 alienata
382 1823 480 1867 mente
492 1829 563 1869 vans
576 1811 723 1869 incassum
735 1809 929 1887 jactaretuls.

148 1887 284 1968 Torpere
303 1887 447 1969 quidem,
474 1900 504 1946 et
520 1895 712 1967 ‚neopug'nse
735 1889 931 1960 meminisses

147 1987 202 2028 nec
216 1967 298 2047 luge.
308 1970 347 2029 At
359 1989 395 2028 ex
408 1979 491 2049 parte
503 1968 593 2029 alters
602 1968 738 2048 pontifex
749 1967 852 2029 bivius
862 2015 869 2042 ‚
880 1969 930 2028 cui

146 2047 269 2110 lictores
284 2049 397 2124 Decius
409 2047 567 2109 tradiderat
581 2094 589 2121 ,
603 2051 784 2128 iusseratque
792 2068 931 2130 proprus„

148 2139 244 2215 torem
265 2151 351 2206 esse,
375 2128 552 2201 vociferari,
581 2131 692 2192 Vicisse
715 2131 931 2205 Romanos(b)

147 2215 292 2282 defunctos
309 2213 429 2275 consulis
440 2216 516 2284 fato.
539 2209 641 2275 Gallos
659 2212 851 2293 Samnitesque
867 2210 931 2270 Tel·

118 2337 120 2341 ι
149 2291 220 2353 iuris
235 2300 336 2353 matris
349 2316 382 2353 ac
401 2297 513 2354 deorum
528 2293 661 2353 Munium
680 2315 750 2353 esse.
769 2295 878 2370 Rupere
893 2294 931 2353 oti

147 2394 222 2432 senc
243 2394 338 2433 vocare
356 2373 476 2433 Decium
489 2377 616 2431 devotam
631 2394 724 2432 secum
743 2377 830 2429 aciem
847 2391 858 2441 ;
876 2376 930 2442 su-

147 2455 307 2533 rictumque
332 2474 365 2512 ac
377 2454 541 2525 formidinis
560 2451 646 2531 plena
667 2455 760 2510 omnia
780 2454 817 2510 cd
837 2450 931 2515 hostes

148 2556 217 2594 esse.
840 2567 845 2576 ·

187 2613 226 2675 X.
257 2609 295 2672 Su
319 2613 473 2673 erreuiunt
499 2608 605 2681 deiude
630 2609 679 2671 his
706 2609 930 2671 restituentibus

146 2710 275 2772 pugnem
298 2633 338 2752 i.
362 2692 518 2757 Cornelius
545 2691 649 2772 Scipio
668 2699 698 2749 et
721 2693 756 2753 C.
779 2689 906 2749 Martius
919 2733 930 2762 ,

147 2788 216 2830 cum
231 2768 368 2830 subsidiis
386 2791 423 2829 ex
442 2771 703 2840 norissimeecie‚
724 2772 804 2847 jussu
818 2770 856 2840 Q.
873 2768 930 2824 Fa-

147 2846 189 2910 bii
210 2847 361 2920 consulis,
378 2848 427 2908 'ed
440 2848 609 2932 praesidium
623 2847 750 2924 collegae
768 2844 863 2903 missi.
883 2843 927 2905 lbi

181 2959 423 3026 3(Corrtacturum
432 2959 520 3030 fune·
552 2961 637 3026 Supra
656 2958 804 3008 humanam
828 2958 928 3023 opem,

149 3027 243 3082 bribus
252 3025 324 3080 diris
333 3025 448 3094 signu...
460 3023 520 3077 bos·
552 3026 760 3091 potentiamque.

148 3093 216 3148 tium
230 3095 239 3160 )
253 3093 287 3145 Se
299 3092 422 3144 devotum
434 3093 495 3144 diris
511 3129 517 3152 .
585 3091 614 3157 5(
626 3085 782 3157 Defunctos
793 3085 928 3140 Consulis

148 3159 394 3228 velutcontagione
405 3158 518 3279 willam
545 3154 611 3229 faro
622 3155 781 3223 lbiberatos
794 3155 845 3218 jam
858 3189 864 3212 ,
876 3167 927 3204 nee

148 3229 362 3281 transmissurum
396 3227 456 3280 ias
491 3226 520 3278 in
554 3219 927 3293 quidquamamplibscoeles·

149 3297 225 3364 sigua
244 3295 371 3348 hostium.
554 3293 633 3354 tibus,
641 3289 765 3342 inlerisve
774 3290 823 3340 diis
832 3286 929 3343 deben-

182 3359 519 3432 4(Viclsumanoe...opis)
554 3357 794 3430 responsorium
803 3365 926 3412 mortem.
