2016 3780
219 199 492 269 Nnnnnrto
545 193 678 268 XLV.
776 223 838 291 119

60 321 117 382 qne
141 322 213 382 ergo
231 307 328 384 prima
349 304 488 364 Romanis
507 303 582 362 inita
605 301 841 385 provinciarum,

59 403 124 460 quse
144 385 266 463 quidem
290 384 469 444 continentis
494 385 576 454 sint,
604 395 751 460 postrema
778 402 842 439 om-

60 462 163 536 nium,
184 465 282 524 nostri
298 464 417 525 demdm
432 473 516 525 aetate
527 478 539 536 ,·
549 461 637 523 ductu
651 463 842 543 auspicioque
860 472 864 476 “

58 544 184 624 Augusti
200 546 343 617 Caesaris,
365 543 531 626 perdomita
548 552 600 602 est.

100 637 154 697 IV.
182 637 226 698 lbi
247 648 310 695 tum
333 632 479 696 Asdrubal
505 633 671 712 Gisgonis,
697 632 842 692 maximus

58 715 296 796 clarissimusque
307 715 344 774 eo
355 714 435 775 bello
447 714 606 776 secundum
616 714 758 775 Barcinos
769 712 842 785 dux,

58 815 209 872 regressus
231 797 268 856 ab
288 795 446 868 Gadibus,
469 794 630 856 rebellandi
653 814 734 875 spem
760 793 841 871 adju·

57 889 145 934 vante
167 877 293 955 Magone
310 877 467 938 Amilcaris
489 875 578 951 filio,
602 874 770 934 delectibus
787 893 842 954 per

59 956 231 1015 ulteriorem
248 959 421 1040 Hispaniam
438 957 570 1029 habitis,
585 956 618 1014 ad
632 955 843 1034 quinquaginta

58 1036 153 1093 millia
169 1037 318 1114 pediturn,
335 1051 366 1098 et
398 1049 502 1097 uatuor
513 1038 608 1095 millia
623 1047 653 1094 et
668 1039 841 1113 quingentos

60 1118 184 1193 equites.
198 1118 332 1177 armavit.
353 1059 396 1176 Al
408 1117 532 1196 Silpiam
547 1119 648 1176 urbem
661 1135 749 1196 super
762 1137 842 1175 rem-

59 1213 114 1273 pos
131 1207 267 1274 patentes
282 1198 339 1258 duo
350 1197 438 1258 duces
451 1197 534 1257 Poeni
550 1197 585 1257 eal
601 1208 721 1271 mente,
737 1199 775 1255 ne
791 1197 841 1255 do·

59 1284 218 1348 tractarent
240 1289 413 1350 certarnen,
438 1277 641 1338 consederunt.

100 1355 138 1416 V·
164 1355 285 1436 εθῙΡῘΟ,
306 1357 425 1418 eumad
442 1377 509 1416 eum
532 1357 608 1417 fama
628 1357 701 1416 tanti
720 1374 841 1449 compa·
883 1326 968 1399 ‘mli‘

59 1435 118 1494 rati
144 1438 293 1495 exercitus
314 1437 428 1517 perlata
454 1448 551 1510 esset,
580 1455 674 1516 neque
702 1437 841 1496 Romame
853 1394 969 1498 {lxidie

56 1514 224 1592 legionibus
242 1527 328 1576 tantae
348 1536 380 1576 se
400 1536 499 1597 parem
516 1517 580 1576 fore
600 1515 781 1576 multitudini
796 1538 840 1576 ra·
851 1523 896 1621 ᾗ*
907 1525 949 1558 '²‘

60 1603 128 1665 tus,
155 1605 265 1654 utnon
288 1598 320 1655 in
343 1598 475 1675 speciem
499 1596 604 1658 saltem
623 1608 842 1678 opponerentur
869 1589 898 1618 ¹¹
957 1650 961 1655 .

58 1673 258 1735 Barbarorurn
282 1677 416 1751 auxilia,
444 1695 539 1756 neque
560 1678 591 1735 in
607 1678 644 1735 iis
665 1688 762 1735 tamen
779 1686 856 1734 tan:
938 1683 943 1689 ’

58 1764 120 1814 tum
151 1757 258 1815 virium
285 1756 476 1837 ponendum,
506 1769 538 1817 ut
567 1757 709 1817 mutando
730 1754 839 1830 fidem,
895 1795 898 1803 ·

58 1855 121 1915 quae
140 1835 234 1895 cladis
252 1857 338 1897 causa
354 1837 460 1898 fuisset
475 1837 557 1918 patri
574 1850 759 1917 patruoque,
780 1840 840 1915 (4)

57 1934 193 1991 magnum
206 1926 386 1978 momentum
398 1918 528 1977 lacerent
542 1961 551 1989 ,
571 1921 722 1996 praemisso
740 1917 840 1977 Silano

58 1993 94 2051 ad
116 1993 237 2072 Colcam
260 1997 480 2073 duodetriginta
500 1995 619 2075 oppidis
644 2008 842 2072 regnantem,

57 2081 91 2130 ut
120 2072 234 2150 equites
265 2075 442 2154 peditesque
467 2075 503 2133 ab
530 2092 592 2143 eo,
624 2094 697 2153 quos
727 2095 758 2134 se
786 2096 840 2156 per

57 2149 190 2211 hiemem
205 2155 438 2233 conscripturum
453 2153 609 2232 pollicitus
625 2165 705 2227 erat,
721 2157 840 2235 accipe-

57 2243 123 2304 ret,
142 2232 208 2309 ipse
221 2231 256 2291 ab
268 2233 434 2293 Tarracone
449 2232 623 2312 proiectus,
642 2237 688 2312 (b)
704 2235 840 2315 protinus

58 2312 94 2372 ab
107 2310 221 2383 sociis,
245 2313 296 2390 qui
320 2313 455 2374 accolunt
475 2313 569 2388 viam,
594 2315 708 2374 modica
725 2326 841 2374 contra-

56 2390 158 2453 hendo
179 2392 314 2464 auxilia,
346 2395 534 2454 Castulonem
561 2396 708 2474 pervenit.
733 2395 840 2455 Ebad-

57 2473 145 2531 ducta
163 2473 199 2531 ab
217 2472 319 2532 Silano
332 2473 462 2546 auxilia,
480 2476 539 2534 tria
555 2474 650 2535 millia
661 2476 794 2556 peditum
810 2487 840 2536 et
894 2475 898 2482 ’

58 2552 215 2630 quingenti
240 2554 354 2630 equites
375 2553 460 2613 'inde
491 2554 525 2613 ad
557 2554 703 2620 Baeculam
734 2557 841 2617 urbem

54 2649 229 2715 progressus
252 2633 333 2690 omni
352 2635 484 2693 exercitu
508 2634 640 2708 civium,
662 2634 839 2712 sociorum,

55 2709 195 2852 peplitpm
224 2713 413 2793 equitumque
439 2714 569 2796 quinque
597 2726 628 2775 et
647 2715 841 2797 quadraginta

56 2813 96 2852 nn
126 2813 132 2848 t
157 2811 201 2852 us.

50 2891 53 2896 '
97 2871 150 2936 Vl.
173 2872 257 2933 Prior
276 2871 423 2933 Asdrubal
438 2872 470 2931 in
485 2866 579 2934 aciem
595 2875 696 2956 copias
710 2875 836 2939 eduxit:
856 2899 857 2902 ¹

56 2950 163 3011 deindd
177 2961 208 3010 et
223 2951 348 3013 Romani
365 2953 544 3032 processere.
557 2953 612 3016 Sed
624 2968 748 3035 utraque
759 2960 838 3017 acies

59 3031 213 3112 provallo
235 3033 316 3092 stetit
338 3035 481 3095 instructa
501 3054 508 3092 ε
528 3046 559 3093 et
581 3037 655 3117 edm·
669 3037 706 3095 ab
728 3039 840 3099 neutris

94 3157 112 3222 4
123 3158 292 3296 dmm
315 3154 434 3213 momen:
466 3181 550 3214 rerum
562 3167 673 3216 mutatio
682 3179 839 3233 sequeretur.

62 3236 162 3355 irb'llere
177 3292 352 3358 inclinarent,
363 3297 435 3346 lace·
467 3308 546 3362 prout
562 3297 595 3349 ad
613 3313 730 3367 quosque
749 3299 840 3350 venis·

63 3369 123 3409 rent
135 3370 163 3412 ut
173 3375 268 3429 magua
279 3361 340 3417 iude
353 3361 435 3416 statis
467 3363 520 3416 bat.

145 3229 270 3291 acerent)
285 3228 352 3278 Rem
363 3245 434 3296 mag·
499 3230 514 3281 5
530 3230 703 3294 (Protinus)
721 3234 838 3293 Ordine,
