2016 3780
54 4 1002 42 'm

160 206 205 290 ’44
390 201 518 275 Trrr
564 202 715 275 Lrvrr

159 305 277 368 inimici
286 300 395 368 factum
408 306 532 367 videbat.
545 307 747 388 Contemptim
757 307 856 390 primb
867 308 947 370 Mar·

161 388 226 447 cius
248 385 388 447 audiebat
404 391 497 446 minas
518 386 685 448 tribunitiae
704 411 710 448 :
737 390 869 462 auxilii,
892 411 947 448 non

158 487 243 548 pene
255 470 407 547 jusdnturn
423 466 469 526 itti
482 472 617 547 potestati
629 492 640 528 ,·
651 464 811 550 plebisque,
823 492 876 529 nnn
891 471 949 528 Pa·

161 558 235 605 trum
253 545 378 606 tribunos
397 568 465 606 esse.
482 547 537 606 Sed
550 546 622 606 adeo
640 546 754 607 infensa
770 562 832 607 erat
847 559 948 609 coorta

159 623 272 766 plebs,
295 637 327 683 ut
346 627 413 701 (ro)
432 626 518 685 unius
533 628 619 705 poenb
632 626 847 706 defungendum
870 638 948 686 esset

186 703 309 764 atribus.
334 701 518 764 Restiterunt
540 716 636 766 tamen
665 711 733 783 (ιι)
757 707 875 767 adversi
902 709 949 764 in-

160 783 266 853 vidit,
293 785 397 861 usique
426 796 515 859 sunt,
547 785 603 864 qul
630 787 691 846 suis
722 788 868 865 quisque,
891 785 949 864 qud

160 864 254 922 totius
266 861 383 923 ordinis
394 865 516 925 viribus.
529 869 572 925 Ac
584 867 683 946 primo
695 878 803 927 tentata
820 885 866 925 ree
882 877 947 936 est,
960 891 962 895 ·

160 943 186 1003 si
211 942 362 1019 dispositis
381 945 542 1005 clientibus
563 946 751 1006 absterrendo
775 945 906 1024 singulos
931 944 950 1004 ὲ

160 1022 358 1097 coitionibus,
372 1025 584 1104 conciliisque,
595 1025 734 1106 disjicere
749 1047 810 1085 rem
820 1035 950 1106 possent.

161 1100 296 1163 Universi
313 1103 426 1163 deinde
442 1106 610 1185 processere
625 1111 640 1182 (
655 1106 798 1185 quidquid
815 1119 876 1164 eret
899 1106 951 1163 Pa·

161 1190 259 1256 trum‚
278 1204 345 1244 reos
367 1187 481 1246 diceres
504 1190 518 1262 )
543 1187 679 1264 precibus
700 1187 819 1268 plebem
839 1182 952 1264 expos·

161 1273 281 1322 centes:
301 1285 390 1323 unum
418 1267 477 1324 sibi
505 1265 622 1339 civem,
647 1288 737 1326 unum
763 1278 951 1336 senatorem,

162 1341 186 1400 si
212 1343 400 1402 innocentem
422 1345 575 1405 absolvere
595 1347 730 1418 nollent,
751 1368 805 1426 pro
826 1344 950 1403 nocente

54 1411 153 1463 Damna.
163 1421 317 1482 donarent.
347 1424 415 1503 Ipse
446 1424 515 1485 crim
543 1424 594 1484 die
621 1425 698 1487 ‹ticts
729 1446 788 1486 non
812 1426 948 1496 adesset,

54 1489 380 1645 f{„‚,}³}¹„pprseveratum
405 1507 436 1562 in
464 1505 509 1564 ira
528 1517 582 1568 est.
609 1508 773 1567 Damnatus
799 1507 904 1566 absens
918 1506 951 1562 in

54 1590 143 1662 'precor
193 1582 290 1643 olscos
323 1586 478 1645 exulatum
510 1584 609 1659 abiit,
644 1587 784 1647 minitans
822 1587 952 1666 patriar,

54 1648 105 1703 ⁵¹¹⁸·
162 1661 346 1743 hostilesque
366 1668 425 1746 jam
444 1675 505 1725 turn
521 1665 645 1743 spiritus
658 1685 773 1747 gerens.

202 1744 241 1806 V.
279 1745 457 1806 Venientem
493 1743 594 1806 Volsci
625 1745 751 1824 benigne
777 1743 950 1840 excepere:

121 1886 124 1891 .
161 1822 382 1904 benigniusque
405 1825 437 1885 in
455 1823 537 1885 diem
558 1824 720 1929 colebantfi
751 1827 790 1885 nu
803 1826 950 1925 mainel...

162 1904 197 1966 in
224 1925 295 1971 suos
316 1905 489 1953 eminam,
512 1899 679 1951 .-amque
722 1888 740 1929 u
762 1889 779 1930 c
800 1887 952 1947 quereae,

106 1994 125 2000 ··
158 1985 241 2035 'nunc
264 1964 351 2024 mine
374 1954 629 2041 percipiebantur.
651 1950 792 2043 Hospitio
815 1946 953 2038 utebatur

160 2046 241 2111 Attii
266 2040 361 2105 Tulli.
395 2036 499 2115 Longe
526 2034 553 2095 is
588 2043 651 2092 tum
683 2048 822 2113 princeps
842 2025 952 2104 ¹Volsci

163 2126 294 2189 nominis
307 2130 389 2195 erat,
410 2114 610 2195 Romanisque
622 2131 740 2190 semper
756 2108 896 2179 irrlestus3
909 2110 953 2165 ite

162 2208 232 2270 eum
253 2206 379 2265 alterum
402 2195 629 2268 vernantium,
651 2191 833 2253 alterumira
848 2194 954 2247 recens

165 2286 349 2356 stimularet,
365 2279 491 2344 consilia
503 2274 657 2337 conterunt
668 2273 704 2333 de
716 2272 849 2335 Romano
864 2267 954 2358 bello:

165 2367 249 2430 Haud
277 2363 366 2425 facile
395 2358 551 2424 credebant
582 2356 701 2434 plebem
729 2373 812 2412 suam
836 2346 953 2425 impelli

165 2467 274 2529 posse,
295 2455 328 2503 ut
347 2444 436 2500 toties
457 2434 621 2496 infeliciter
638 2443 746 2490 tentate
770 2446 849 2488 arma
866 2444 955 2501 cape-

166 2537 243 2588 rent.
267 2523 375 2584 Multis
402 2516 474 2596 sapi
503 2512 606 2580 bellis,
625 2509 789 2590 pestilentie
812 2505 953 2585 postremi

166 2606 272 2670 emissi
301 2607 443 2682 juventute
466 2603 579 2668 fractos
612 2592 729 2669 spiritus
758 2609 818 2647 esse
848 2609 859 2644 .·
889 2597 955 2643 erte

167 2690 306 2766 agendum
327 2684 355 2740 in
380 2675 494 2739 exoleto
509 2678 569 2758 jam
591 2671 832 2761 vetustateuodio,
854 2678 887 2725 ut
913 2685 955 2724 re·

167 2770 242 2827 ceriti
259 2761 355 2842 aliqud
378 2759 420 2819 int
438 2753 677 2817 exacerbarentur
694 2768 791 2806 unrmr.
944 2817 952 2833 .

209 2846 261 2908 Vl.
285 2840 362 2900 Ludi
393 2836 492 2906 forte,
523 2852 561 2892 ex
586 2826 823 2918 instaupatione4
855 2837 955 2910 magns

109 2960 113 2967 ¹
167 2922 269 2987 Romae
285 2916 465 3001 parabantur.
482 2912 526 2973 lld
539 2930 590 2972 eos
606 2908 710 2982 ludos,
736 2914 854 2966 auctore
871 2903 956 2959 Attio

205 3057 236 3092 ro
245 3035 350 3102 (Unius
358 3032 439 3101 prend
446 2998 547 3099 defuri-
579 3038 620 3076 tur
634 3023 755 3102 invidip,
769 3017 890 3087 quemvis
901 3015 957 3098 lup·

169 3104 308 3180 gendum)
320 3101 385 3152 Uno
397 3097 428 3148 ad
440 3110 547 3162 poenarn
582 3087 958 3142 tandumillrseseetadversus

170 3172 267 3227 tradito
277 3159 546 3230 totusordopericulo
581 3157 670 3209 odium
682 3154 820 3222 publicum
827 3189 835 3213 ,
848 3168 900 3220 quo
911 3146 956 3199 lle·

170 3235 324 3293 imminenti
332 3230 496 3285 eximendus.
580 3223 669 3293 grabes
687 3220 809 3343 puisquis
834 3215 957 3274 Coriola-

206 3323 233 3357 ιι
250 3304 261 3370 (
276 3298 402 3357 Adversa
413 3292 546 3361 invidia)
579 3308 645 3349 num
654 3288 686 3345 de
698 3287 803 3344 endere·

68 3392 71 3403 ·
170 3370 305 3451 quamvis
320 3367 377 3431 lllis
398 3364 549 3429 strumo.
