2016 3780
109 215 111 219 ’
212 174 670 283 Nna‘nnrroLVl.
773 214 837 303 189

53 312 147 374 torius
160 313 265 388 Philo,
282 327 310 374 et
322 315 363 375 M.
374 315 503 377 Marcius
515 315 623 389 natta,
646 326 676 374 et
687 313 721 377 L.
735 314 837 395 Scipio

53 396 243 476 imperatoris
261 395 361 455 frater.

36 540 39 545 ,
94 487 146 548 Vl.
168 487 272 565 Legati
288 508 325 546 ex
344 486 445 546 Africa
463 488 587 548 Romani
609 485 696 546 simul
714 485 839 547 Cartha·
875 485 927 592 leg

54 568 260 644 giniensesque
283 568 352 626 clim
376 567 521 629 venissent
548 568 693 636 Romam,
719 577 837 626 senatus
853 547 928 653 εἴη”ᾗη

54 647 89 706 ad
104 647 197 706 aedem
208 670 210 674 ·
221 647 352 709 Bellonae
369 647 488 708 babitus
504 661 565 720 est,
586 648 636 708 ubi
651 647 719 706 crim
732 647 765 706 L.
777 623 887 712 νεῖ-ξε,
903 663 928 714 lt

54 728 150 786 turius
175 727 284 795 Philo,
318 741 479 808 pugnatum
509 747 576 788 cunr
602 725 748 788 Annibale
775 738 928 794 essem*

54 807 192 887 supremi
220 809 515 885 Carthaginiensibus
543 809 664 888 pugni,
692 794 928 884 finemque“¹”'¹'·

52 888 176 947 tandem
195 888 314 966 lugubri
334 888 412 948 bello
429 890 629 968 impositum,
652 887 766 964 ingenti
791 888 841 946 lae-

54 969 120 1025 titid
138 970 256 1028 Parrum
273 971 420 1048 exposuit.
439 969 473 1029 In
490 970 664 1028 concionem
682 967 750 1026 inde
770 986 841 1047 pro-

54 1046 118 1106 dire
140 1050 235 1128 jussus
254 1093 263 1119 ‚
282 1051 480 1129 gaudiumque
496 1050 527 1107 id
543 1048 656 1130 populo
673 1049 840 1126 impertire.

54 1128 132 1208 Tum
159 1131 305 1210 patuere,
335 1129 411 1188 facti
439 1129 658 1207 gratulatione,
683 1129 783 1188 omnia
810 1128 841 1186 in

54 1208 126 1268 urbe
153 1209 296 1290 templa,
330 1209 621 1292 supplicationesque
646 1211 680 1268 in
712 1207 842 1269 triduum

55 1288 192 1350 decretae.

61 1438 69 1444 .
95 1379 162 1443 Vll.
185 1381 300 1441 Exinde
322 1380 413 1460 legati
431 1381 691 1460 Carthaginienses
710 1379 744 1453 ad
760 1399 843 1441 sena·

55 1468 116 1519 tum
133 1462 242 1522 vocati.
269 1462 408 1539 Quorum
428 1463 568 1522 aetatibus
590 1461 842 1539 dignitatibusque

55 1542 222 1622 conspectis
249 1546 339 1620 (nam
362 1542 449 1620 longe
472 1539 564 1624 primi
587 1541 716 1602 civitatis
736 1543 841 1614 erant)

55 1633 120 1680 tum
140 1641 194 1704 pro
216 1641 247 1680 se
267 1623 392 1700 quisque
413 1624 514 1682 dicere
539 1622 610 1682 vere
632 1619 668 1680 de
691 1639 765 1700 pace
781 1621 841 1702 agi.

54 1701 184 1779 Insignis
209 1712 306 1762 tamen
335 1704 415 1762 inter
444 1713 558 1762 ceteros
582 1700 727 1761 Asdrubal
756 1711 845 1772 erat,

56 1782 210 1860 (Haedum
237 1783 396 1863 populares
424 1783 600 1863 cognomine
629 1780 842 1862 appellabant)

77 1863 137 1923 acis
170 1884 288 1944 semper
320 1875 454 1938 auctor,
487 1864 683 1940 adversusque
719 1858 843 1920 factioni

55 1882 199 2002 barcinis.
223 1946 286 2020 (b)
317 1945 363 2003 Eo
393 1955 455 2002 tum
488 1944 555 2025 plus
581 1940 628 2002 illi
655 1939 841 2002 auctoritatis

55 2018 130 2093 fuir,
152 2022 222 2082 belli
242 2020 359 2101 eulpam
381 2021 412 2079 in
429 2041 590 2102 paucorum
609 2020 807 2103 cupiditatem
823 2019 841 2082 b

56 2100 209 2180 ‚republicd
227 2101 424 2162 transferenti.

58 2190 179 2259 ,-vttt.
205 2193 265 2271 Qui
289 2192 357 2252 crim
382 2193 462 2253 varii
488 2192 623 2253 oratione
645 2210 715 2252 usus
738 2201 840 2269 esset,

56 2289 134 2333 nunc
165 2271 317 2353 purgando
350 2273 501 2345 crimina,
533 2292 610 2334 nunc
642 2271 771 2351 quaedam
797 2272 841 2331 fa-

57 2351 165 2424 tend0,
188 2355 225 2410 nd
250 2353 436 2434 impudenter
461 2363 540 2414 certa
567 2353 742 2429 negantibus
768 2349 842 2411 diffi-

24 2476 26 2480 ,
56 2432 146 2493 cilior
169 2433 253 2492 venia
278 2446 377 2508 esset,
401 2451 479 2494 nunc
504 2434 651 2494 monendo
674 2435 764 2492 etiarn
784 2433 842 2492 Pa·

56 2523 117 2572 tres
137 2514 355 2594 Conscriptos,
383 2525 416 2573 ut
437 2514 525 2574 rebus
546 2513 683 2575 secundis
704 2512 840 2573 modestd

56 2610 90 2652 ac
112 2591 261 2652 moderate
286 2604 446 2654 uterentur.
472 2594 503 2654 Si
522 2612 551 2654 se
570 2607 655 2675 atque
676 2593 842 2658 Hannonem
909 2648 912 2652 .

56 2672 493 2753 audissemcartaginense‚
518 2679 633 2734 daturas
653 2677 746 2746 fuisse
762 2677 842 2754 pacis

56 2752 255 2826 conditiones,
288 2776 359 2836 quas
387 2767 452 2814 tunc
474 2766 612 2834 peterent.
650 2755 724 2815 Rurd
754 2752 868 2833 simut&

56 2833 212 2895 bominibus
237 2834 337 2894 bonam
356 2839 511 2909 'fortunam
537 2834 690 2915 bonumque
719 2846 841 2894 mentem

57 2919 130 2975 stari.
166 2914 303 2995 Populum
339 2916 494 2974 Romanurn
527 2915 558 2974 ed
592 2917 720 2975 invictum
750 2935 839 2990 essa,

57 2996 129 3074 quid
151 2998 179 3055 in
202 2997 328 3056 secundis
347 2994 428 3055 rebus
449 3017 547 3076 sapere
568 3007 598 3055 et
621 2992 763 3077 rengelem
781 3016 841 3054 me·

57 3077 181 3134 mineris.
206 3076 257 3139 Et.
270 3074 380 3139 herculi
400 3078 556 3155 mirandum
573 3077 691 3148 fuisse,
714 3076 740 3134 si
753 3073 842 3139 aliter
862 3141 864 3144 ,

91 3240 106 3294 5
134 3240 196 3305 (Εο
220 3254 276 3292 cnm
294 3241 356 3309 plus
387 3240 435 3292 itti
468 3241 572 3310 dignior
591 3238 648 3305 eius
668 3240 752 3292 oratio
770 3238 839 3301 fuit,
920 3242 923 3251 '

58 3305 316 3387 urtctoritqn'ssuit)
327 3308 368 3357 Eo
377 3318 435 3356 tum
468 3320 494 3358 et
506 3307 569 3358 lides
581 3307 622 3362 illi
635 3304 740 3361 facililn
749 3305 842 3384 habeti
903 3356 928 3399 >t

59 3386 86 3425 st
96 3375 232 3436 decentior
244 3391 366 3444 gravique
375 3375 434 3428 viro
467 3385 580 3451 potsrntg
854 3395 860 3403 ·
923 3404 926 3407 ·
