2016 3780
74 204 141 274 boi
303 200 432 271 Trur
478 195 633 272 Lrvrr

75 308 320 387 Syracusanorum
336 304 525 366 hibernorum
542 350 550 377 ,
577 318 608 366 et
625 303 731 368 Locris
752 295 869 366 Plemi-

75 389 196 447 uianum
222 386 377 447 tumultum
395 430 404 457 ‚
431 387 498 446 crim
516 386 552 446 ad
568 385 657 446 fidem
673 389 870 468 praesentium

76 468 237 527 criminum
260 467 431 526 retulissent
452 492 461 540 ς
491 468 711 546 suspicionibus
743 469 870 545 magis,

76 549 166 628 quini
190 548 392 624 argumentis,
415 550 548 629 pecuniae
567 559 658 623 captae
675 568 760 607 reurn
779 568 870 608 accu-

76 640 186 690 sarunt.
204 627 304 688 Filium
321 642 432 709 coptum
450 632 509 688 sine
523 635 615 708 pretio
632 632 795 702 redditum,
812 652 870 688 om·

76 709 210 791 nibusqus
225 709 293 768 aliis
309 709 390 769 rebus
406 708 584 789 Scipionum,
610 724 743 791 tunquam
763 714 792 770 in
809 713 870 787 ejus
898 722 902 727 '

76 793 159 850 unius
179 813 263 851 manu
282 812 346 869 pax
368 791 494 849 Romanu
520 790 679 872 bellumque
699 803 801 864 esset,
833 793 869 850 ub

78 871 215 934 Antiocho
236 870 352 930 cultum.
376 870 552 931 Dictatorern
573 894 636 932 eum
658 869 789 944 consuli,
815 895 866 929 non

79 956 209 1037 legatum
220 953 249 1010 in
258 950 399 1032 provincia
408 955 501 1021 juisse
514 974 525 1010 :
540 975 590 1011 nec
604 957 642 1011 ad
658 953 748 1012 ulium
763 974 822 1012 rem
840 951 868 1013 eb

77 1041 256 1118 profectum,
279 1030 361 1111 quim
379 1043 410 1092 ut
423 1035 453 1092 id
466 1036 539 1111 quod
557 1031 723 1112 Hispania,
748 1029 868 1104 Gallia,

81 1116 206 1182 Sicilire,
225 1113 326 1188 Africa
351 1115 516 1193 iampridem
529 1135 694 1193 persuasum
710 1126 805 1186 esset,
822 1115 870 1173 lroc

81 1197 199 1260 Groeeioe
214 1196 290 1273 :lsiae
310 1217 344 1252 ne
360 1204 389 1251 et
405 1189 530 1252 omnibus
552 1198 590 1252 ad
612 1190 757 1253 Orientem
773 1196 870 1254 ‘uersis

79 1276 192 1356 regibus
212 1214 398 1353 gentibusque
421 1287 591 1352 appareret;
622 1293 705 1332 unum
730 1274 868 1334 bominem

80 1370 164 1436 caput
173 1356 352 1433 columenque
363 1355 472 1432 imperii
485 1351 604 1413 Romani
616 1373 677 1413 esse
686 1375 697 1411 t
709 1352 762 1413 sub
771 1356 868 1414 umbro

81 1438 218 1517 Scipionis
234 1438 375 1506 ciuita'tern
395 1436 536 1492 dominum
556 1432 640 1494 Orbis
666 1448 808 1495 terrarum
830 1433 870 1496 lb-

80 1531 140 1581 tere
154 1540 164 1576 r
181 1527 264 1576 nutus
279 1517 339 1597 ejus
350 1517 536 1596 proiecistis
550 1515 670 1592 Patruus
684 1555 694 1587 ‚
707 1537 760 1599 pro
773 1515 869 1598 populi

76 1621 166 1683 Jussrs
186 1619 255 1659 esse.
283 1628 286 1633 Δ

121 1702 174 1764 lv.
205 1697 329 1761 Inisrnii
353 1698 515 1770 intactum,
541 1696 652 1758 invidis
668 1699 728 1779 qub
748 1711 873 1781 possunt

80 1791 197 1861 urgent.
219 1779 413 1843 Orationibus
428 1781 460 1840 in
474 1793 591 1843 noctem
609 1779 783 1860 perductis,
800 1798 871 1862 pro-

81 1862 159 1925 dicta
175 1863 238 1920 lies
254 1870 307 1920 est.
333 1859 391 1920 Ubi
408 1880 441 1920 es
459 1862 562 1932 venit,
588 1861 701 1921 tribuni
721 1861 753 1921 in
765 1861 873 1921 rostris

81 1943 180 2026 prirnb
194 1942 269 2000 'luce
286 1939 496 2003 consederunt.
517 1942 636 2004 citatus
656 1961 723 2003 reus
738 1986 747 2015 ,
761 1961 872 2020 niagno

81 2026 199 2104 agmine
225 2023 390 2083 amicorum
419 2021 634 2102 clientiumque
657 2043 716 2105 per
741 2022 892 2083 mediam·

82 2106 256 2166 concionem
278 2103 313 2163 sd
330 2113 426 2162 rostra
446 2104 537 2165 subiit
556 2124 562 2163 :
581 2103 762 2184 silentioque
775 2101 872 2175 facto,

82 2185 165 2258 Hoc,
193 2186 314 2262 inquit,
337 2187 402 2254 die,
426 2188 532 2246 tribuni
544 2184 655 2265 plebis,
673 2207 775 2264 vosque
803 2187 873 2265 Qui-

83 2273 172 2333 rites,
192 2287 254 2325 cum
271 2262 408 2339 Annibale
428 2278 457 2324 et
477 2264 759 2344 Carthaginiensibus
783 2266 873 2345 signis

82 2349 196 2410 collutis
208 2349 236 2404 in
244 2343 341 2416 Africo
356 2341 423 2403 beni
434 2366 467 2404 uc
478 2346 604 2412 feliciter
613 2347 748 2424 pugnaui.
773 2345 873 2429 ltaque

82 2431 141 2489 cim
165 2427 245 2486 bodie
268 2423 365 2482 litibus
389 2436 418 2483 et
436 2427 541 2506 jurgiis
561 2427 737 2503 supersederi
761 2449 873 2506 oequurn

82 2512 122 2569 sit
142 2528 153 2563 .·
175 2527 193 2568 e
213 2528 228 2562 o
252 2503 315 2563 bine
341 2503 485 2583 extemplo
509 2505 537 2563 in
564 2503 739 2583 Capitolium
757 2510 798 2566 ud
820 2505 872 2569 lo-

82 2608 143 2650 uem
175 2525 319 2665 ngtimum
345 2582 545 2657 Maximum,
584 2582 810 2667 Iunonemque,
846 2598 873 2647 st

82 2669 266 2737 Minervam,
289 2676 447 2805 ceterosque
468 2671 535 2726 deos
555 2668 604 2804 gui
626 2663 770 2745 Capitolio
787 2679 871 2751 atque

80 2750 141 2810 arsi
162 2748 339 2826 presidens
354 2765 385 2815 su
402 2751 520 2808 rutundus
543 2748 553 2805 i

81 2850 190 2908 agam,
216 2828 289 2908 quiri
319 2825 388 2886 milri
412 2840 441 2888 et
469 2827 518 2888 boe
548 2829 608 2907 ipso
638 2830 709 2899 dis,
741 2839 772 2887 et
802 2848 868 2909 sape

82 2909 157 2978 nlius
172 2906 291 2988 egregie*
312 2909 471 2986 reipublice
490 2910 619 2986 gerenda
638 2916 760 2966 mentem
770 2907 871 2980 facul-

81 3002 226 3071 tatemque
241 2991 386 3053 dederunt.
412 2988 538 3049 Vestrrirn
554 3008 660 3069 quoque
674 2984 777 3067 quibus
795 3011 871 3050 corn.

82 3076 287 3138 malumst,
313 3069 352 3125 its
377 3087 514 3140 mesum,
551 3071 675 3146 Quirites
688 3087 700 3139 ;
733 3079 764 3127 et
791 3082 873 3133 oruts

82 3154 168 3222 deos,
190 3159 222 3206 ut
240 3147 295 3205 mel
317 3147 424 3207 similes
447 3149 599 3230 principes.
611 3145 766 3222 bobeutis;
803 3147 871 3229 (3)

572 2769 589 2806 o
609 2768 620 2804 .·
642 2745 741 2826 bisque
751 2751 869 2828 gratius

90 3316 94 3324 '
118 3305 134 3356 3
154 3303 230 3370 (na,
242 3300 271 3355 si
279 3303 289 3366 i
305 3300 385 3371 Quod
399 3302 459 3372 qui·
481 3304 541 3359 nr...
555 3317 612 3353 non
623 3300 699 3359 aliter
711 3300 825 3371 postulo
844 3316 874 3358 ut

80 3367 145 3424 dem
156 3386 202 3426 ros
210 3368 248 3424 ita
257 3370 361 3442 procuri
369 3369 459 3442 decet,
489 3371 518 3429 id
529 3369 607 3429 oretis
620 3368 704 3441 deos,
717 3367 804 3451 qubus
818 3371 875 3430 ri...
