2062 3786
93 234 97 238 -
180 178 454 258 Ninnnnsn
499 179 730 258 XXXIX.
805 197 852 262 35

151 292 262 353 Punice
289 301 417 370 coeptum
437 288 548 350 fraude,
571 290 736 372 Quingenti
755 291 852 354 ferme

66 372 229 443 Numidae‚
263 383 366 451 praeter
381 372 460 450 justa
480 370 715 452 simonisque,
736 372 853 452 gladios

67 451 200 515 occultos
215 452 269 513 sub
284 448 385 512 loricis
404 451 547 512 hebentes
566 495 576 523 ‚
608 453 710 533 specie
725 451 855 514 transfu-

67 544 168 612 garum
185 553 251 593 cuin
265 535 300 593 nb
319 532 402 604 suis,
423 551 538 611 parmas
555 543 623 612 post
639 543 722 612 terga
736 533 855 593 haben-

67 625 132 686 tes,
148 611 363 694 adequitassent
376 633 382 672 :
395 614 518 692 repente
533 631 573 671 ex
587 614 672 692 equis
689 612 855 687 desiliunt,

67 692 238 775 parmisque
261 705 291 754 et
314 690 418 771 insulis
437 691 613 772 antepedes
637 693 768 753 hostium
781 713 855 774 pro-

66 775 177 856 jectis,
200 794 231 834 sn
247 773 377 835 mediam
393 773 488 833 aciem
506 771 644 854 accepti,
659 771 802 854 ductique
816 772 855 834 ad

65 854 213 928 ultimos,
252 854 410 916 considere
433 853 471 914 ab
492 863 578 931 tergo
602 853 752 932 jubentur.
779 858 854 926 Ac,

66 935 137 996 dum
150 935 285 1015 praeliunn
297 935 336 996 ab
347 934 433 994 omni
442 943 526 1012 parte
537 934 704 993 conseritur
723 979 732 1007 ‚
755 935 855 1011 quieti

66 1026 245 1075 manserunt.
258 1016 414 1094 Postquam
421 1014 554 1074 omniunt
566 1015 679 1073 animos
690 1013 856 1094 oculosque

66 1106 264 1171 occupaverat
281 1106 432 1154 certamen
447 1119 457 1167 3
478 1105 541 1153 tum
561 1137 570 1166 ,
589 1096 716 1174 arreptis
733 1095 853 1168 scutis,

66 1192 136 1254 quae
153 1175 265 1254 passim
285 1173 362 1233 inter
384 1191 503 1235 acervos
520 1192 668 1234 caesorum
690 1193 854 1254 corporum

66 1263 158 1314 strate
182 1266 298 1337 erent,
328 1271 459 1314 aversam
492 1253 661 1319 adoriuntur
687 1254 859 1317 Romanam·

67 1334 184 1404 aciem,
206 1345 345 1412 tergaque
358 1333 522 1405 ferientes,
543 1353 576 1394 sc
590 1333 721 1413 poplites
736 1334 855 1394 caeden-

68 1423 131 1482 tes,
152 1422 282 1491 stragem
298 1415 449 1488 ingentem
466 1432 534 1484 ‚sc
545 1417 686 1493 majorem
698 1413 853 1497 aliquanto

67 1508 208 1574 pavorem
226 1511 259 1552 ac
279 1489 439 1550 tuinultum
453 1490 595 1552 iecerunt.

107 1571 255 1637 xxvtit.
273 1572 350 1634 Cum
363 1569 546 1631 alibitersor
558 1591 591 1631 ac
603 1572 690 1650 fuga,
707 1572 778 1631 alibi
788 1591 854 1652 per·
959 1622 964 1628 .

67 1653 151 1713 tinax
163 1653 196 1714 in
212 1651 290 1714 mala
307 1655 364 1732 jam
391 1669 444 1729 spe
480 1649 594 1711 retium
613 1661 713 1724 esset,
741 1653 852 1712 Asdru-

66 1732 181 1811 balqt'si
198 1734 314 1799 inlaeso
330 1750 421 1793 cornu
438 1670 577 1811 iiispanis
598 1730 754 1812 Gallisque
769 1733 854 1812 equi·

66 1813 153 1887 tibus*
165 1810 315 1895 preerat,
350 1812 420 1872 cum
434 1811 592 1873 occidione
609 1811 766 1874 occidisset
788 1814 853 1874 Ro-

65 1911 183 1956 manuin
199 1900 383 1975 equitatum,
400 1895 516 1953 transiit
530 1897 562 1954 in
578 1894 718 1954 dextrum
734 1912 851 1968 cornu;

66 1986 96 2032 et
113 1975 277 2048 conjunctis
304 1975 471 2047 Numidis,
508 1979 658 2034 sociorum
678 1975 794 2053 equites
817 1975 858 2033 in.

67 2052 166 2127 fugam
190 2055 287 2113 veslit.
308 2051 475 2114 Subdsntos'
490 2052 595 2112 deinde
614 2075 651 2112 ex
672 2053 769 2111 medin
785 2054 852 2112 acie
891 2103 894 2107 ,

68 2129 237 2202 Numidas,
273 2135 341 2210 quia
368 2133 472 2208 segnis·
492 2151 594 2192 eorum
623 2152 690 2191 cum
719 2131 876 2192 adversis·

66 2223 239 2290 pugnasset
258 2255 267 2284 ‚
299 2211 333 2271 ad
348 2210 564 2292 persequendos
579 2214 689 2293 passim
702 2211 853 2289 fugientes

65 2292 169 2351 mit-tit.
192 2293 258 2372 lpse
274 2292 415 2352 eumenis
432 2288 532 2352 Gallis
548 2294 749 2373 Hispanisque
771 2288 854 2371 e'qui-

67 2372 144 2432 tibus
160 2370 306 2433 Romanos
322 2371 435 2453 pedites
456 2391 524 2432 cum
538 2373 618 2434 Afris
640 2385 701 2434 tum
718 2371 861 2433 maximei-

66 2465 229 2532 pugnsntes
244 2455 260 2514 l
278 2465 362 2532 tergo
377 2453 503 2516 invadit.
855 2453 868 2461 ”

83 2531 221 2603 ,XXlX
248 2534 401 2607 Paullus,
436 2553 600 2614 quanquam
628 2533 726 2614 primo
749 2533 849 2593 statim
895 2556 980 2613 popm

65 2613 169 2695 p'raelio
193 2612 282 2672 fundi
308 2615 436 2692 graviter
456 2615 534 2674 ictus
558 2613 679 2688 fuerat,
706 2625 803 2674 tamen
819 2625 850 2674 et
864 2615 967 2681 AEmin't

64 2695 192 2754 occurrit
205 2695 281 2773 saepd
293 2714 359 2753 curn
373 2694 514 2754 confertis
524 2693 664 2754 Annibali
677 2738 687 2768 ,
698 2693 941 2774 etaliquot.”³⁰¹⁸·

64 2774 139 2833 locis
150 2775 286 2854 prelium
295 2775 442 2847 restituit,
455 2774 680 2856 protegentibus
691 2794 758 2836 eunt
766 2776 850 2855 equi-

64 2855 142 2915 tibus
156 2855 316 2926 Romanis,
336 2857 456 2917 omissis
471 2857 621 2936 postremo
638 2857 747 2934 equis,
776 2858 848 2936 quin
866 2914 869 2919 .

65 2935 261 2996 consulemud
272 2934 438 3014 segendum*
445 2954 553 3015 equum
563 2938 640 2996 vires
651 2934 827 2997 deficiebant
839 2955 849 2997 τ

66 3025 134 3072 tunc
149 3018 301 3076 nuncianti
324 3017 460 3089 cuidam,
492 3017 612 3094 jussisse
637 3018 787 3077 consulem
809 3015 847 3076 ad

64 3092 153 3165 pedes
167 3094 347 3156 'descendere
369 3098 505 3176 equites,
533 3096 647 3156 dixisse
668 3095 846 3155 Annibalem

64 3171 171 3233 lerunt.
188 3175 276 3251 Quom
293 3176 408 3236 mollem
422 3181 525 3236 vinctos
540 3178 608 3235 milti
618 3174 769 3249 traderet?
796 3222 799 3231 ,

106 3252 204 3320 XXX.
223 3254 363 3332 Equitum
382 3257 517 3336 pedestre
537 3255 704 3337 predium,
733 3251 846 3335 quale,

64 3335 124 3414 jam
145 3333 219 3408 houd
235 3332 327 3398 dubii
349 3335 480 3401 hostium
495 3334 642 3421 pistorii,
661 3333 742 3477 {pi-it,
776 3333 846 3396 clm
