2016 3780
129 271 193 335 126
354 261 485 333 Ttrr
532 250 691 333 Ltvri

123 369 223 446 quein
240 365 403 448 hospitium
413 367 539 440 intitat3
561 379 610 436 et,
635 366 778 446 quoniam
792 366 856 430 fors
868 386 916 432 eor

124 449 179 508 sub
195 468 253 506 uno
268 458 346 507 tecto
360 467 423 506 esse
440 490 449 519 ,
472 458 500 508 at
524 466 559 505 ue
575 446 611 507 ad
628 445 751 508 eosdem
772 463 916 529 penates,

123 528 284 599 voluisset,
297 527 473 587 contrahere
485 467 524 587 ai
537 525 717 607 colloquium
730 528 915 590 dirimenda·

121 628 187 667 rum
201 607 381 670 simultatum
393 608 480 667 causi
493 618 537 666 est
549 618 670 667 conatus
683 608 857 689 ,Scipione
869 612 917 670 ab·

121 700 256 761 ruente,
282 699 331 748 eut
354 680 492 768 privatim
514 688 572 748 sibi
599 686 691 748 ullum
716 708 790 748 cum
824 692 916 751 Poeno

118 766 224 827 ¹odium
235 784 322 841 esse,
348 767 428 850 quod
445 767 640 848 colloquendo
653 766 777 843 finiret,
808 782 860 831 aut
880 771 917 831 de

119 848 274 928 republica
291 869 321 911 se
334 869 401 910 curu
417 849 501 910 hoste
517 869 605 927 agere
617 848 783 927 quicquam
800 850 916 931 iniussi

120 930 242 990 senatits
279 950 354 992 osee.
379 928 455 991 Illud
466 929 647 1010 magnopere
668 929 812 991 tendente
827 952 915 1012 rege,

119 1029 156 1068 ne
170 1011 245 1070 alter
256 951 406 1092 iospitum
424 1010 562 1070 exclusus
572 1008 672 1069 mensi
684 1009 863 1085 videretur,
884 1023 916 1072 ut

119 1088 150 1148 in
163 1093 294 1152 animum
311 1092 466 1152 induceret
480 1090 513 1151 ed
532 1088 647 1150 easdem
664 1090 766 1149 venire
782 1092 912 1172 epulae,

116 1170 196 1231 haud
217 1173 329 1232 abnuit.
353 1173 566 1250 Coenatumque
591 1169 679 1230 simul
700 1169 785 1252 apud
810 1193 912 1250 regem

118 1263 184 1310 est:
203 1262 233 1311 et
247 1251 351 1311 eodem
367 1253 456 1311 etiam
473 1250 553 1311 lecto
572 1251 674 1330 Scipio
689 1262 782 1330 etque
805 1251 913 1315 Asdru-

52 1397 55 1408 ,
76 1399 82 1409 ‚
118 1329 167 1390 bal
185 1333 276 1412 (quia
292 1335 333 1392 ita
350 1331 431 1391 cordi
451 1340 514 1391 erat
529 1330 616 1410 regi)
632 1330 851 1392 accubuerunt.

52 1414 108 1469 3²²⁰:
158 1411 214 1473 Vt.
236 1412 331 1473 Tanta
353 1423 452 1471 autem
475 1414 571 1470 inerat
595 1412 720 1472 comites
745 1409 910 1494 Scipioni,

53 1475 108 1565 ‘'ii‘'
118 1501 206 1570 etque
220 1491 254 1550 ad
269 1493 369 1552 omnia
384 1490 525 1552 naturalis
544 1492 657 1569 ingenii
671 1491 840 1555 dexteritas
856 1540 865 1570 ‚
881 1502 911 1554 ut

52 1581 89 1627 nt.
117 1591 177 1632 non
193 1573 359 1653 Syphacem
382 1571 473 1632 modo
490 1617 499 1645 ,
519 1572 675 1632 barbarum
697 1571 912 1654 insuetumque

116 1653 252 1714 moribus
268 1654 439 1726 Romanis,
462 1652 511 1711 aed
532 1652 645 1713 hostem
661 1651 754 1712 etiam
777 1652 912 1721 infestis·

118 1735 259 1811 simum,
291 1733 416 1795 fecunde
432 1731 608 1812 alloquendo
637 1732 694 1791 sibi
723 1736 910 1795 conciliarit.

117 1814 382 1893 'Mirabilioremque
397 1813 451 1872 sibi
465 1832 526 1871 eum
544 1833 691 1892 congresso
706 1811 804 1872 cordm
823 1818 909 1878 uisum

116 1898 179 1973 prae
201 1911 232 1952 se
254 1891 389 1965 ferebat,
411 1890 493 1970 qudm
519 1889 593 1949 helio
618 1890 699 1951 rebus
721 1897 831 1973 gestis.
853 1896 911 1957 Nec

120 1971 248 2034 dubitare
271 2018 280 2047 ,
312 1976 378 2055 quiri
396 1970 514 2052 Syphax
527 1992 698 2054 regnumque
718 1975 778 2051 ejus
796 1976 861 2055 jam
879 1978 906 2036 in

119 2054 311 2115 Romanorum
330 2065 403 2114 esset
412 2063 565 2133 potestate.
583 2050 658 2112 Eam
677 2065 768 2112 artem
784 2054 907 2117 illinita

119 2136 357 2197 reconciliandos
373 2138 481 2194 animos
497 2152 568 2194 esse.
586 2131 684 2212 Itaque
699 2155 753 2192 non
768 2141 907 2214 quomodo
957 2160 959 2169 ¹

118 2215 265 2298 Hispania
279 2220 390 2276 amissa
409 2217 483 2288 sint,
512 2217 688 2294 quarendum
711 2218 811 2298 magis
838 2215 906 2277 Car.

119 2296 340 2377 idaginiensihus
367 2316 456 2368 esse,
502 2292 588 2374 quim
616 2297 750 2374 quomodo
773 2297 908 2368 'Africani

120 2385 280 2449 retineant,
308 2378 497 2454 cogitandum.

52 2471 62 2516 'r
79 2470 104 2519 in
158 2456 227 2520 VH.
244 2457 306 2517 Non
322 2452 617 2536 peregrinabundum,
635 2472 721 2534 neque
732 2454 810 2513 circa
823 2476 904 2516 omn.

52 2548 79 2615 4·
118 2557 168 2597 nas
193 2559 257 2597 oras
278 2548 428 2617 vagantem
453 2545 564 2594 tutatum
592 2537 688 2592 ducem
721 2532 904 2611 Romanum,

52 2650 73 2698 30
116 2617 216 2679 relicta
236 2617 378 2703 provincii
398 2639 472 2676 nova
491 2617 633 2687 ditionis,
663 2611 772 2673 relictis
789 2623 905 2678 exerci-

75 2688 82 2703 ’
116 2698 210 2773 tilius,
234 2704 341 2759 duabus
356 2695 471 2757 navibus
485 2699 513 2755 in
528 2695 659 2766 Africam
674 2696 822 2773 trajecisse
842 2741 851 2769 ,
877 2710 904 2760 et

114 2782 284 2838 commisisse
306 2799 367 2838 sese
388 2781 415 2834 in
429 2777 558 2836 hostilem
579 2789 705 2846 terram,
730 2777 759 2832 in
770 2788 904 2854 potesta·

112 2868 169 2920 ren
182 2863 312 2940 regiam,
333 2861 361 2918 in
374 2859 459 2938 fidem
472 2861 650 2936 inexpertam
662 2876 674 2927 ;
695 2857 746 2914 sed
756 2859 905 2934 potiunda

112 2941 216 3010 Africa
232 2961 308 3022 spem
324 2937 512 3013 affectantem.
539 2935 600 2996 Hoc
620 2958 681 2996 eum
705 2937 766 3013 jam
786 2940 901 3016 pridem

111 3021 236 3089 volutare
262 3022 290 3081 in
312 3022 405 3078 animo
420 3039 431 3088 ,·
459 3018 508 3077 doc
523 3015 635 3094 polam.
639 3020 792 3087 fremere,
828 3021 906 3099 quid

112 3127 166 3162 non
193 3146 201 3174 ,
238 3102 468 3183 quemadmodum
492 3093 617 3155 Annibal
637 3097 665 3153 in
694 3093 782 3153 italio
805 3138 814 3168 ,
860 3102 901 3159 sic

113 3184 206 3264 Spicio
225 3187 252 3243 in
268 3183 365 3253 Africo
389 3177 493 3239 bellurn
513 3187 633 3255 gereret.
655 3175 757 3253 Scipio
784 3173 902 3238 foedere

109 3264 170 3325 icto
179 3285 245 3325 cum
259 3261 414 3345 Syphace,
436 3255 589 3341 profectus
601 3275 637 3315 ex
648 3253 747 3314 disice
758 3297 766 3326 ‚
779 3251 899 3317 dubiis·

91 3364 168 3421 -que
180 3357 210 3403 et
227 3346 402 3426 plerumque
419 3340 502 3401 saevie
517 3339 549 3396 in
564 3335 624 3421 alto
643 3336 876 3424 jactatusveutis
885 3378 899 3414 ,

53 3414 61 3433 '
107 3422 155 3483 die
170 3435 274 3507 quarto
286 3424 376 3489 Nove
392 3417 580 3501 Carthaginis
593 3426 710 3500 portum
723 3422 832 3481 tenuit.
