2016 3780
114 236 156 306 86
353 233 685 305 Trrr.L1v11

19 353 85 400 ntra·
150 335 267 400 XVIll.
293 337 403 399 Contrlt
432 336 521 416 Mago
545 339 700 398 Poenorum
724 336 805 410 dux,
825 337 895 401 clrm

23 427 97 489 nova
112 418 187 487 terrd
209 417 340 497 marique
364 419 471 476 instrui
495 420 744 497 oppugnationem
759 418 896 492 videret,

16 485 91 578 {2¹}
111 508 141 554 et
161 499 227 572 ipse
241 499 342 576 copias
371 498 412 555 ita
433 497 575 561 disponit.
590 497 819 577 oppidanorum
833 497 897 558 duo

110 576 206 635 millia
224 578 260 635 ab
284 578 319 635 ed
335 587 432 654 parte,
462 578 520 656 qud
537 589 630 636 castre
648 577 780 637 Romana
792 591 896 651 erant,

109 659 255 736 opponit:
272 660 441 735 quingentis
466 657 612 716 militibus
632 677 730 717 arcem
759 658 894 724 insedit:

109 740 287 816 quingentos
313 736 427 796 tumulo
449 737 531 795 urbis
557 738 588 794 in
620 737 778 798 Orientem
811 757 897 798 verso

46 867 48 871 ,
106 817 259 897 imponit:
281 817 500 876 multitudinem
530 816 646 886 aliam,
671 818 729 895 qud
756 816 897 891 clamor,

107 899 167 975 quo
194 895 292 955 subita
327 908 458 957 vocasset
486 915 553 971 res,
576 898 720 957 intentam
742 897 897 959 adomnia

108 994 271 1035 occurrere
290 977 381 1052 jubet.
448 1000 451 1006 ²

147 1055 232 1118 xlx.
260 1055 305 1114 Ab
324 1055 448 1115 navibus
474 1074 532 1126 ea,
558 1074 623 1133 quae
645 1055 719 1115 mari
745 1052 897 1134 alluitur,

16 1208 18 1215 .
107 1154 175 1216 pars
199 1135 280 1193 urbis
311 1137 477 1216 oppugnari
491 1146 591 1214 coepta
614 1146 666 1196 est.
692 1135 796 1213 Scipio
813 1154 896 1194 com-

130 1225 224 1274 ertum
250 1215 374 1281 hahebat
390 1227 459 1275 aestn
484 1213 646 1273 decedente
674 1213 792 1273 facilem
814 1215 898 1295 pedi-

107 1235 162 1355 bus
185 1294 220 1354 ad
232 1314 348 1354 murum
363 1297 517 1354 transitum
531 1293 612 1365 dari,
630 1293 666 1352 eb
686 1314 787 1354 secum
799 1315 897 1354 armna

108 1384 154 1434 tos
168 1373 269 1434 duxit.
293 1376 426 1434 Medium
452 1375 546 1432 ferme
569 1374 630 1432 diei
653 1384 739 1440 erat:
762 1385 793 1433 et
814 1373 897 1434 adid

107 1455 185 1533 qubd
202 1454 252 1513 sud
268 1455 508 1536 spontecedente
526 1455 557 1513 in
579 1473 659 1513 mare
677 1454 897 1515 aestutraheba-

108 1544 156 1592 tur
178 1552 272 1611 aque,
291 1555 359 1594 acer
379 1537 467 1594 etiarn
485 1535 651 1614 Septentrio
673 1545 753 1594 ortus
770 1535 897 1596 inclina·

109 1624 172 1673 tum
188 1624 320 1693 stagnum
330 1615 432 1675 eodem
447 1634 513 1691 qno
524 1626 615 1674 aestus
635 1613 767 1685 ferebat,
780 1613 898 1673 etadeb

108 1693 267 1755 nudaverat
281 1694 375 1766 vada,
396 1707 428 1755 ut
450 1695 519 1754 alibi
547 1692 800 1753 umbilicotenus
820 1713 896 1772 aqua

75 1846 81 1850 ,
110 1785 206 1846 esset,
228 1773 301 1834 alibi
326 1794 421 1852 genua
440 1776 489 1833 vix
508 1783 670 1853 superaret.
690 1772 755 1831 lloc
777 1773 845 1832 curel
858 1792 896 1834 ac

109 1853 223 1913 ratione
241 1865 428 1933 compertum
453 1855 484 1910 in
500 1852 670 1932 prodigium
690 1869 723 1911 ec
743 1851 813 1912 deos
829 1873 896 1911 ver-

110 1943 174 1993 tens
189 1931 313 2010 Scipio,
332 1934 384 2010 qui
405 1931 439 1990 ad
465 1931 619 2000 transitum
645 1929 787 1992 Romanis
813 1952 896 1992 mare

110 2021 278 2086 verterent,
303 2013 393 2091 (ιγ)
408 2023 438 2069 et
461 2022 561 2088 stagna
585 2009 752 2082 auferrent,
773 2011 895 2091 viasque

110 2093 177 2152 ante
207 2111 355 2170 nunquam
370 2092 459 2152 initas
485 2088 617 2150 humano
644 2091 772 2168 vestigio
800 2095 896 2172 aperi-

109 2180 193 2243 rent,
208 2171 378 2252 Neptunum
394 2171 514 2252 jubebat
532 2170 637 2232 ducem
655 2171 773 2231 itineris
788 2172 894 2251 sequi,

109 2269 142 2311 ec
160 2249 258 2311 medio
278 2251 382 2332 stagno
398 2251 523 2314 evadere
542 2249 577 2311 ad
597 2252 716 2311 moenia.

147 2329 218 2393 XX.
244 2333 289 2393 Ab
319 2344 395 2392 terra
418 2333 525 2411 ingens
555 2330 640 2390 labor
667 2330 895 2393 succedentibus

108 2422 185 2471 erat:
201 2430 256 2471 nec
279 2410 436 2471 altitudine
458 2409 570 2470 tantbm
586 2412 729 2470 moenium
744 2410 894 2490 impedie-

107 2490 237 2561 bantur,
258 2490 348 2566 (ιὸ)
369 2491 419 2550 sed
446 2489 525 2569 qubd
553 2500 656 2549 euntes
685 2490 720 2550 ad
748 2492 895 2572 ancipites

106 2570 244 2648 utrinqne
273 2570 351 2628 ictus
376 2571 523 2648 subjectos
548 2569 692 2629 habebant
724 2571 896 2646 Romanos;

107 2660 139 2709 ut
155 2649 244 2709 latera
260 2648 414 2710 infestiora
430 2650 645 2721 subeuntibus,
663 2651 750 2730 qudm
773 2651 894 2711 adversa

107 2747 241 2808 corpora,
264 2741 372 2789 essent.
392 2733 428 2789 tn
449 2742 530 2809 parte
552 2731 583 2789 in
601 2729 660 2791 atis
676 2732 846 2808 quingentis
862 2743 893 2789 et

106 2824 162 2888 per
181 2818 315 2884 stagnum
328 2807 424 2869 facilis
439 2815 597 2883 transitus,
618 2823 648 2871 et
664 2811 694 2868 in
709 2829 823 2869 murum
840 2809 892 2865 ad-

57 2914 63 2929 -’
108 2886 308 2947 scensusindd
326 2887 392 2951 fuit.
414 2889 491 2951 Nam
510 2894 605 2971 neque
626 2909 718 2970 opere
740 2887 893 2948 emunitus

121 3059 201 3126 17(Et
210 3012 312 3129 stagna
322 3053 476 3129 auferrent)
512 3075 578 3112 voce
588 3071 693 3115 euntes.
702 3059 792 3108 Potest
801 3070 890 3111 tamen

105 3124 479 3192 Peremphasinutiturnume-
512 3125 564 3177 hoc
584 3125 664 3175 modo
687 3125 801 3194 intelligi
820 3128 895 3180 :sed

105 3190 479 3246 romultitudinlrclrmtsmen
512 3190 587 3261 qnod
600 3192 699 3244 moenia
717 3205 812 3243 euntes
832 3195 891 3244 sive

104 3276 159 3312 uno
171 3260 202 3312 de
216 3275 254 3313 sta
274 3280 311 3314 no
321 3261 413 3312 avitus.
513 3259 684 3310 succedentes
752 3261 888 3310 Romanor

142 3329 171 3378 18
185 3329 244 3393 (Se
276 3302 478 3399 pudrlenntes)
513 3323 650 3394 subjectos
674 3324 807 3377 habebant
851 3323 890 3377 ad

104 3388 205 3447 Forsan
222 3397 347 3451 mendum
364 3392 429 3447 latet
448 3392 478 3447 in
510 3391 646 3463 ancipites
659 3391 792 3464 ueloque
805 3389 892 3451 ictus,
