2016 3780
253 164 546 233 Nnnnnrro
592 158 899 254 XXXL'177

116 267 237 329 auditur
255 265 295 325 Ps
302 267 393 324 Decii
411 277 555 335 eventus,
574 265 677 344 iugens
696 265 849 326 hortamen
863 267 903 328 ad

72 368 74 372 ’
115 349 218 409 omnia
250 364 305 426 pro
337 345 492 426 republica
525 343 669 404 audenda.
706 345 807 426 ltaque
833 347 909 408 crim

117 427 203 488 Galli
229 426 348 486 structis
364 437 431 485 ante
459 444 490 483 se
509 426 600 485 scutis
619 426 749 486 conferti
770 438 880 486 starent
891 470 905 501 ,

117 526 173 566 nec
190 504 286 565 lacilis
301 504 376 586 pede
392 503 500 565 collato
519 505 666 566 videretur
681 526 799 587 pugna3
821 510 908 585 jussu

117 587 282 664 legatorum
298 584 422 646 collecta
439 584 521 644 lsumi
540 585 623 665 pila,
639 606 708 664 quae
721 599 813 647 strata
824 589 905 648 inter
927 539 945 667 i

118 667 192 726 duas
207 667 286 726 acies
304 664 436 744 jacebant
449 667 468 735 ,'
487 675 573 742 atque
592 667 623 724 in
638 665 820 727 testudinem·
833 668 907 727 hos·-
942 672 947 697 ¹

118 749 195 806 tium
211 747 344 824 conjecta
362 767 369 803 ε
387 742 493 824 quibus
508 744 656 824 plerisque
670 749 701 806 in
720 761 800 807 scuta
818 746 906 824 ,(6)

117 826 229 886 verutis
246 825 278 883 in
293 843 422 904 corpora
435 824 502 905 ipsa
513 822 580 884 fixis
593 869 602 896 ‚
617 828 757 885 sternitur
772 846 905 900 cuneus,

117 907 159 965 ita
175 917 207 964 ut
226 924 332 983 magna
348 924 414 984 pars
428 905 552 982 integris
567 906 741 984 corporibus
759 910 806 986 (7)
824 917 905 967 atto-

119 986 177 1044 niti
191 984 384 1054 considerent,
398 985 468 1042 llaec
485 984 514 1042 in
533 985 655 1044 sinistro
676 1005 767 1047 cornu
790 987 905 1049 Roma·

119 1084 223 1124 norum
237 1063 353 1123 fortuna
371 1064 546 1124 variaverat.

160 1145 213 1208 Xl.
227 1142 337 1204 Fabius
347 1143 378 1201 in
396 1144 501 1203 dextro
513 1145 612 1224 primd
633 1149 645 1224 (
663 1157 693 1206 ut
712 1148 909 1210 antedictum

120 1228 190 1300 ast)
205 1221 372 1285 cunctando
382 1224 651 1285 extraxeratdiem.
667 1227 807 1303 Deinde,
822 1241 905 1310 post·

120 1325 207 1384 quam
227 1323 282 1362 nec
301 1304 413 1364 clamor
428 1303 557 1363 hostium
573 1349 580 1376 ‚
596 1327 650 1364 nec
669 1309 822 1388 impetus,
850 1327 912 1370 nec·

121 1384 180 1442 tela
194 1383 303 1454 missa,
318 1380 454 1441 eamdem
467 1384 527 1440 vim
540 1384 646 1443 habere
659 1389 740 1461 visa3
758 1388 911 1467 praelectis·

122 1462 256 1542 equitum
275 1462 363 1539 jussis
381 1460 415 1518 sd
438 1463 516 1520 latus
541 1463 716 1526 Samnitium
736 1467 907 1528 circumdu-

122 1563 191 1603 cere
207 1540 292 1614 alas,
315 1550 350 1599 ut
367 1540 452 1616 signo
466 1537 533 1599 dato
547 1543 579 1599 in
599 1552 778 1607 transversos
798 1558 910 1626 quanto

121 1624 254 1684 maximo
272 1630 392 1702 possent
408 1618 521 1700 impetu
544 1620 729 1682 incurrerent
752 1672 761 1698 ,
799 1626 910 1686 sensim

123 1720 191 1765 suos
204 1702 291 1780 signa
310 1698 419 1760 inferre
438 1701 547 1778 jussit,
581 1712 612 1761 et
631 1721 818 1764 commovere
839 1707 910 1766 hos-

29 1816 32 1820 ·
122 1795 195 1843 tem.
218 1784 373 1861 Postquam
391 1799 449 1840 uon
468 1781 564 1841 resisti
585 1781 682 1856 vidit,
709 1796 740 1844 et
756 1785 833 1846 baud
855 1786 911 1848 du·

124 1864 202 1924 biam
215 1861 416 1923 lassitudinem
431 1880 516 1937 esse,
543 1871 605 1923 tum
622 1862 758 1927 collectis
770 1868 912 1927 omnibus
975 1933 978 1940 ,

123 1943 262 2006 subsidiis
279 1987 288 2016 ‚
315 1963 378 2022 quae
393 1941 429 2003 ad
446 1942 476 2002 id
492 1953 609 2022 tempus
629 1959 848 2016 reservaverat,
879 1957 914 2013 et¹

123 2025 257 2101 legiones
275 2022 461 2093 concitavit,
482 2032 512 2079 et
537 2025 655 2099 signum
676 2025 712 2083 ad
733 2025 912 2087 invadendos

127 2102 225 2161 hostes
240 2101 388 2176 equitibus
407 2100 496 2158 dedit.
516 2102 579 2161 Nec
601 2102 802 2162 sustinuerunt
827 2104 913 2162 Sam.

126 2182 205 2240 nites
218 2181 363 2257 impetum
379 2221 388 2248 ‚
408 2189 570 2259 praeterque
584 2181 680 2239 aciem
694 2176 790 2261 ipsam
804 2181 914 2242 Gallo·

42 2293 44 2297 ·
126 2281 191 2320 rum
209 2304 218 2331 ‚
242 2257 356 2316 relictis
369 2256 400 2313 in
414 2255 610 2318 dimicatione
623 2260 734 2336 sociis,
766 2260 804 2321 ad
817 2274 915 2325 castra

126 2341 221 2401 effuso
234 2357 320 2398 cursu
334 2336 511 2398 ferebantur.
572 2380 575 2385 -

166 2419 237 2483 Xll.
263 2417 343 2479 Galli
367 2416 511 2476 testudine
533 2415 611 2477 facti
633 2418 760 2480 conferti
780 2421 911 2487 stabant.

126 2503 205 2564 Tum
224 2498 332 2559 Fabius
349 2543 358 2572 ‚
375 2495 477 2556 andins
496 2497 757 2578 mortecollegae,
788 2504 913 2584 Campa.
977 2520 980 2524 ·

128 2601 232 2640 norum
252 2580 349 2649 alam,
379 2578 555 2655 quingentos
575 2576 637 2636 fere
658 2581 799 2658 equites,
826 2602 915 2643 exced

128 2663 197 2721 dere
215 2658 378 2734 acie-jubet
392 2699 401 2728 ‚
415 2664 454 2715 ‘et
466 2659 679 2718 circumvectos
694 2661 730 2720 ab
747 2671 830 2740 tergo
841 2663 913 2726 Gal.

127 2743 216 2802 licam
237 2737 377 2797 invadere
397 2738 514 2810 aciem3
537 2737 630 2798 tertiae
653 2738 757 2799 deinde
780 2741 911 2822 legionis

129 2821 267 2900 subsequi
285 2818 436 2896 Principes
453 2862 461 2889 ‚
486 2828 539 2890 et,
568 2817 625 2897 qud
641 2820 789 2882 turbatum
803 2844 911 2901 agmen

129 2903 258 2965 hostium
274 2898 409 2958 riderent
427 2899 541 2977 impetu
560 2898 695 2978 equilum
715 2945 723 2973 ‚
751 2905 859 2962 instare
875 2925 911 2963 ac

163 2995 201 3056 6(
218 2989 331 3044 Verulis
344 2989 373 3041 in
386 3007 502 3057 corpora
536 3001 670 3056 stupentes
685 3028 692 3051 ,
713 2993 790 3060 quim
801 2995 845 3061 qui
857 2992 911 3044 ssl-

132 3060 209 3126 ipsa)
222 3060 290 3125 Ergo
300 3069 389 3107 veruta
399 3053 502 3106 facilius
535 3059 607 3107 mine
629 3056 709 3108 sfllati
734 3072 804 3109 sunt.
827 3059 910 3124 quue

132 3126 320 3192 penetrabant,
339 3121 501 3189 quimpila;
536 3123 661 3192 intelligit
685 3125 779 3175 Livius
809 3123 921 3181 l'actum·

134 3189 506 3257 quianempbteretioriserant
538 3189 632 3240 divino
643 3189 768 3251 numine,
784 3189 853 3257 quod
865 3204 910 3252 se,

136 3259 280 3308 mucronis.
539 3272 572 3304 ex
594 3254 649 3321 ejus
672 3268 761 3306 mente
781 3293 788 3316 ‚
811 3256 841 3306 in
859 3252 912 3306 hle

169 3337 183 3388 7
194 3319 337 3391 (Attoniti)
345 3320 408 3377 Nou
417 3317 504 3378 minin
539 3319 626 3390 pugni
637 3322 745 3372 exeruit.

725 3387 791 3450 Hs
