2016 3780
170 217 181 223 -
231 161 513 231 Nnnnnrto
561 157 660 227 XL.
789 171 833 249 49

51 267 116 331 Non
133 270 206 328 enim
217 286 268 346 per
282 266 464 334 defectionem
482 266 520 322 ud
536 261 689 322 tollendum
707 282 749 319 ex
768 262 835 318 ciui-

48 363 109 410 tate
126 358 253 407 senatum
276 343 384 422 plebem
410 354 562 419 spectare,
591 346 640 402 sed
653 363 705 419 per
731 344 849 399 cadem·

51 431 165 488 senatis
179 445 291 484 uacuam
308 421 506 501 rempublicam
527 424 639 481 tradere
656 419 790 479 Annibali
800 439 834 478 ac

61 510 157 567 Panis
169 504 249 565 nelle.
266 503 310 562 Eo
330 524 360 560 se
369 502 493 581 pericula
505 522 607 580 posse,
629 501 750 559 liberare
768 520 832 570 eos,

54 589 79 646 si
93 607 122 645 se
133 586 300 664 permittunt
310 581 363 640 sibi
377 625 387 654 ‚
406 593 436 640 et
453 585 635 641 certaminum
650 583 678 639 in
694 577 835 660 republica

53 665 156 737 obliti,
177 667 301 723 credant.
825 660 828 665 ’

95 743 145 807 lV.
167 743 243 804 Cirm
268 757 371 800 omnes
400 737 472 802 victi
499 749 579 798 metu
605 738 835 818 permitterent,

60 821 196 882 Claudum
214 825 242 881 in
258 823 334 880 curia
347 840 410 890 uos,
422 817 535 897 inquit,
551 832 580 878 et
592 831 724 899 tanquam
737 821 836 896 etipse

53 906 172 981 cogitati
177 904 320 973 facinoris
329 903 470 980 particeps
480 942 489 972 ,
500 903 677 979 approbando
689 896 807 958 consilia
826 918 844 968 ,·

53 981 151 1061 quibus
166 983 346 1060 nequicquam
360 984 545 1051 aduersarer,
574 983 647 1037 riam
665 978 754 1036 saluti
775 998 836 1036 ues-

55 1073 106 1118 tra
125 1063 270 1117 inueniam.
290 1057 323 1116 ln
347 1059 397 1117 lroc
411 1060 527 1132 fidem,
550 1057 633 1137 qubm
653 1058 738 1117 uultis
756 1059 836 1137 ipsi,

59 1141 185 1217 accipite.
196 1136 268 1197 Fide
276 1134 344 1196 dart
352 1155 503 1214 egressus,
517 1135 613 1197 claudi
623 1138 733 1197 curiam
742 1138 837 1218 jubet,

55 1216 284 1297 praesidiumque
293 1216 323 1274 in
333 1217 477 1277 vestibulo
491 1216 622 1295 reliquit,
633 1237 669 1275 ne
680 1217 746 1295 quis
754 1215 840 1276 adire

57 1298 171 1354 curiam
188 1296 296 1372 injussu
313 1315 393 1368 suo,
421 1316 494 1355 neve
509 1295 577 1353 inde
592 1296 693 1374 egredi
710 1298 818 1377 possit.

97 1374 136 1436 V.
153 1372 238 1434 Tunc
256 1374 403 1434 vocatoad
419 1376 593 1434 concionem
609 1376 738 1455 pupulo,
757 1376 840 1454 Queri

58 1474 157 1532 sape,
186 1453 306 1530 inquit,
332 1457 475 1532 optastis,
506 1452 666 1532 Campani,
688 1466 742 1524 ut,
771 1474 839 1530 sup·

56 1532 137 1614 plicii
159 1535 287 1591 sumendi
314 1532 390 1591 uobis
407 1554 448 1591 erc
470 1532 593 1612 improbo
619 1555 652 1591 cc
678 1531 860 1606 detestabili,

57 1623 158 1672 senatu
164 1624 291 1691 potestas
300 1624 378 1671 esset
385 1636 397 1686 ;
419 1634 481 1671 eam
493 1633 565 1670 nunc
581 1623 672 1671 tutam
683 1611 792 1670 habetis
806 1630 841 1668 oc

58 1689 187 1752 liberum.
207 1690 328 1751 Clausos
347 1713 441 1751 omnes
456 1695 484 1750 in
503 1695 609 1750 curiam
629 1695 772 1770 accipite,
794 1711 842 1749 sa·

60 1771 134 1840 los,
160 1774 288 1832 inermes.
317 1771 373 1831 Sed
387 1783 453 1832 ante
467 1776 561 1830 amnia
583 1776 595 1847 (
606 1774 642 1842 2)
668 1776 709 1830 ita
731 1792 777 1829 ros
793 1773 844 1829 ira

59 1849 205 1928 indulgere
230 1863 361 1930 oportet,
390 1863 422 1910 ut
433 1854 570 1931 potiorem
591 1851 633 1910 iri
652 1851 774 1911 salutem
793 1860 844 1907 ct·

60 1949 113 2009 quc
125 1930 282 1990 utilitatem
299 1942 420 1990 vestram
435 1931 573 1990 babeatis.
591 1931 703 1989 Etenim
724 1930 771 1988 bos
787 1930 845 2002 (ut

61 2010 181 2084 opinor)
206 2012 304 2068 odistis
320 2022 484 2081 senatores,
512 2031 566 2070 nan
588 2021 714 2068 senatum
734 2007 867 2067 omnini.

62 2083 163 2149 bebere
184 2106 236 2144 non
256 2086 351 2148 uultis.
367 2089 477 2166 Quippe
488 2100 539 2145 aut
559 2108 613 2146 rex
631 2131 640 2159 ,
665 2092 763 2166 (quod
777 2086 846 2146 abo-

61 2166 224 2225 minandum
236 2166 250 2241 )
263 2177 315 2224 aut
328 2209 337 2237 ‚
353 2171 426 2246 quod
441 2188 524 2225 unum
540 2163 635 2225 libera
646 2169 768 2225 ciuitatis
779 2187 847 2225 can·

62 2242 158 2305 silium
175 2256 239 2316 cst,
262 2259 377 2305 senatus
389 2244 530 2306 habendus
546 2257 597 2306 cst.
614 2244 713 2326 Itaque
726 2250 788 2305 uiua
801 2265 847 2305 res

62 2322 149 2383 simul
163 2329 280 2404 agentia
295 2338 362 2384 sunt
372 2327 448 2384 nobie
463 2368 472 2396 ,
492 2339 525 2384 ut
539 2337 568 2386 et
582 2338 699 2384 ueterem
716 2336 847 2385 senatum

64 2402 206 2474 tollatis,
239 2417 268 2464 et
300 2427 396 2465 nouum
422 2411 566 2485 cooptetis.
597 2403 691 2464 Citari
716 2404 847 2486 ringulae

64 2496 208 2543 senatores
219 2482 321 2562 jubebo
341 2528 350 2556 ‚
375 2491 410 2546 dc
427 2507 544 2565 quarum
568 2490 659 2564 capite
685 2506 731 2543 ros
748 2504 847 2551 consu-

65 2562 135 2622 lam.
154 2561 281 2640 Quodde
294 2584 401 2643 quoque
423 2569 607 2635 censueritis,
621 2567 686 2636 fiet.
706 2563 763 2625 Sed
772 2566 849 2642 priris

64 2645 94 2703 in
113 2644 173 2720 ejus
191 2641 281 2702 locem
306 2645 392 2702 uirum
406 2645 513 2713 fortem
529 2667 563 2703 nc
584 2657 725 2703 strenuum
749 2664 847 2703 nouum

65 2733 223 2782 senatorem
239 2721 424 2802 cooptabitis,
438 2724 520 2805 quim
536 2730 571 2785 cle
581 2727 667 2783 naxio
681 2724 847 2806 supplicium

66 2813 202 2862 sumatur.
589 2822 592 2827 ·
781 2835 785 2841 ·

87 2880 161 2943 'VL
179 2879 250 2943 inde
262 2879 425 2955 consedit,
453 2893 483 2941 et
507 2883 676 2943 nominibus
695 2883 725 2941 in
745 2900 849 2942 urnam

70 2962 213 3037 conjectis
227 2965 312 3024 citari
329 2962 405 3043 quod
427 2964 557 3042 primum
577 2973 657 3023 sorte
672 2983 778 3022 nornen
797 2980 851 3018 ex·

71 3038 164 3125 cidit,
190 3042 344 3121 ipsumque
366 3044 383 3102 b
409 3043 491 3103 curis
513 3042 640 3125 produci
670 3043 766 3122 jussit.
792 3039 852 3102 Ubi

107 3184 122 3217 u
143 3156 209 3234 (lta
228 3186 275 3220 uos
288 3167 339 3221 iroe
354 3171 445 3224 iruiul-
478 3173 556 3224 habet
577 3170 768 3237 restringendi,
796 3152 853 3220 norb

73 3249 144 3304 gere
166 3246 289 3311 oportet,
304 3237 364 3301 ut)
382 3238 446 3289 Per·
477 3238 699 3290 intendendi.1rce
714 3236 802 3288 vestris
812 3236 855 3285 in-

73 3299 157 3353 ticula
176 3300 218 3352 uni
236 3298 290 3353 hoc
309 3300 369 3355 ioco
390 3305 446 3356 vim
480 3305 591 3374 turgeo,
603 3304 856 3357 seditntamenut...

157 3369 230 3430 Per,
244 3368 297 3430 ll.
709 3370 734 3434 C
