2062 3786
201 270 265 370 17²2
406 284 554 354 ‘Tiar
600 287 751 356 L1v11
820 335 823 341 -

198 390 321 466 pionem
349 399 470 447 conatus
495 391 542 449 sit.
575 389 679 451 Victus
709 389 818 450 deinde
842 392 987 472 precibus

199 467 363 527 Masinissae
376 471 505 541 orantis,
522 479 554 525 ut
567 468 723 527 arbitrium
740 515 748 541 ,
771 473 866 532 utrius
879 494 987 551 regum

200 547 323 604 duorum
350 544 473 604 fortunae
502 548 639 607 accessio
671 549 855 630 Sophonisba
881 564 986 625 esset,

199 622 237 683 ad
269 625 440 704 Scipionem
464 625 605 704 rejiceret
628 673 637 698 ,
668 631 761 689 misso
790 632 926 711 Syphace
955 643 988 691 ot

199 706 345 783 captivis,
371 718 485 767 ceteras
508 705 597 766 urbes
621 709 773 770 Numidiae
796 730 860 786 qua
879 713 986 789 presi-

199 784 256 843 diis
281 786 372 864 regiis
399 787 596 860 tenebantur,
624 788 776 867 adjuvante
800 789 987 862 Masinissa,

196 867 323 945 recepit.

159 949 163 959 ’
214 949 216 953 ’
239 956 292 1018 Ν.
317 955 407 1016 Facta
423 955 612 1036 propd'inter
634 974 714 1014 arma
736 953 864 1035 nuptia,
884 970 986 1035 neque

108 1049 113 1059 '
198 1035 335 1095 consulto
346 1055 440 1114 neque
452 1045 626 1116 exspectato
638 1035 755 1108 Laelio,
769 1047 888 1115 tamque
905 1056 986 1130 prae-

200 1135 271 1196 ceps
298 1114 472 1188 festinatio,
497 1127 529 1174 ut
557 1135 616 1194 quo
638 1115 686 1175 die
710 1127 827 1196 captam
850 1137 987 1196 reginam

199 1197 343 1266 vidisset,
371 1195 475 1254 eodem
500 1198 690 1256 matrimonio
712 1199 844 1274 junctam
866 1196 988 1276 accipe·

199 1288 245 1340 set
259 1296 275 1344 j.
304 1287 335 1334 et
361 1278 397 1343 eir
421 1276 544 1336 foediora
560 1277 624 1341 haec
640 1275 813 1336 videbantur
825 1278 985 1358 Scipioni,

199 1356 276 1436 quod
292 1356 392 1436 ipsum
409 1359 440 1415 in
458 1356 597 1436 Hispanid
614 1362 748 1437 iuvenem
765 1357 874 1430 nullius
887 1357 986 1417 forma

196 1436 353 1520 pepulerat
368 1438 502 1517 captivae.
522 1437 590 1500 llaec
603 1457 702 1498 secum
716 1439 865 1498 volutante
876 1437 986 1498 lelius

199 1537 233 1581 ac
251 1518 406 1578 Masinissa
423 1529 679 1599 supervenerunt,
699 1538 771 1598 quos
790 1521 858 1580 crim
872 1519 988 1598 pariter

198 1599 288 1656 ambo
311 1611 341 1657 et
360 1598 488 1676 benigno
508 1600 591 1660 vultu
610 1603 792 1680 accepisset,
811 1611 842 1659 et
855 1600 986 1678 egregiis

163 1741 172 1761 ἱ
199 1677 335 1739 laudibus
353 1679 503 1759 frequenti
520 1681 658 1759 pretorio
672 1679 865 1752 celebrasset,
884 1679 987 1740 adduc.

200 1769 264 1819 tum
280 1760 310 1818 in
326 1771 473 1820 secretum
489 1759 677 1821 Masinissam
690 1761 732 1820 sic
749 1759 916 1838 alloquitur.

105 1862 191 1917 aresi·
242 1851 280 1914 V.
311 1851 415 1932 Aliqua
440 1864 468 1917 te
486 1856 649 1923 existima,
665 1851 846 1923 Masinissa,
876 1854 989 1912 intuen-

74 1925 167 1994 ’Νη
203 1946 260 2003 tem
280 1935 307 1998 in
330 1954 375 1991 me
395 1931 482 2002 bona,
506 1943 534 1990 et
551 1933 689 2010 principio
716 1933 777 2008 (1)
802 1935 829 1995 in
847 1929 987 2013 Hispaniri

74 1995 181 2110 §aff
205 2021 242 2074 ad
253 2016 426 2094 jungendam
436 2032 542 2099 mecpm
557 2012 710 2075 amicitiam
727 2013 855 2084 venisse,
878 2025 907 2072 et
920 2033 988 2093 pas-

163 2083 169 2096 ⁸
205 2096 250 2162 ted
272 2097 300 2154 in
320 2092 417 2164 Africd
439 2094 581 2172 teipsum,
604 2112 721 2182 spesque
745 2113 839 2151 omnes
859 2103 945 2166 tuas,
961 2093 989 2150 in

198 2179 286 2259 fidem
303 2195 395 2238 meam
411 2174 591 2240 commisisse.
617 2172 704 2252 Atqui
718 2172 797 2230 nulla
819 2193 915 2230 earum
933 2176 990 2233 vir·

205 2271 251 2319 tas
270 2265 332 2327 ast,
352 2265 467 2341 propter
484 2274 555 2334 quas
576 2255 748 2331 appetendus
761 2256 814 2314 tibi
829 2250 990 2323 visus'sim,

208 2336 259 2406 ¹uti
280 2355 331 2412 ega
355 2331 431 2414 aqui
453 2344 538 2414 atqua
560 2334 745 2411 temperantiai
769 2345 798 2395 et
819 2331 993 2394 contineatid

204 2360 352 2487 iibidinum
372 2413 513 2491 gloriatus
523 2413 638 2486 fuerim.
668 2410 749 2477 Hanc
773 2423 801 2472 te
820 2432 931 2490 quoque
955 2415 993 2479 ad

167 2492 178 2502 ’
206 2510 315 2563 ceteras
341 2505 404 2563 tuas
426 2496 551 2561 eximias
572 2493 710 2562 virtutes,
732 2489 912 2563 Masinissa,
940 2496 994 2557 ad.

201 2579 303 2666 jecisse
318 2574 412 2635 velim.
436 2575 497 2640 Non
522 2583 585 2645 ast,
607 2595 660 2632 non
685 2569 775 2648 (milri
798 2572 903 2644 crede)
927 2585 992 2631 tan.

208 2671 267 2716 tam
284 2654 319 2714 ab
333 2656 457 2714 hostilius
473 2655 593 2714 armatis
606 2656 686 2713 atati
700 2663 802 2720 nostra
813 2649 965 2731 periculum
979 2692 990 2720 ,

206 2748 342 2828 quantam
354 2734 390 2795 ab
402 2737 577 2803 circumfusis
589 2736 708 2813 undique
721 2730 918 2812 voluptatibus.
934 2730 992 2808 Qui

208 2838 256 2876 eas
278 2817 328 2875 sos
353 2814 539 2893 temperantiri
555 2814 683 2893 frenavit
699 2834 733 2880 aa
752 2817 877 2883 domuit,
901 2810 992 2874 multi

209 2900 299 2973 majus
312 2900 395 2955 decas
408 2897 621 2973 'majoremque
634 2895 776 2959 uictoriam
793 2893 848 2951 sibi
857 2892 969 2973 peperit
982 2932 992 2964 ,

209 2977 292 3060 purim
311 2996 361 3034 nos
376 2973 504 3053 Syphace
519 2974 588 3031 victo
607 2971 750 3037 habemus.

248 3126 258 3158 1
283 3108 335 3175 (ln
349 3101 502 3169 IIispania‘)
516 3099 585 3154 cum
620 3101 767 3156 amicitiam
777 3099 924 3153 venstatin
935 3099 997 3152 His.

209 3188 320 3244 uterque
330 3175 363 3232 in
376 3170 505 3236 Hispanis
515 3185 585 3220 esse-
618 3169 726 3247 paniam
739 3168 880 3221 Masinissa
890 3204 898 3229 ,
909 3168 954 3218 sed
962 3167 995 3219 ad

211 3261 279 3302 mus.
293 3241 409 3310 Quidam
420 3239 484 3290 editi
494 3235 586 3304 preele-
619 3238 749 3306 luvandos
767 3234 864 3286 auxilio
883 3234 996 3286 Cartha*

211 3312 302 3375 ¹rebant
313 3309 342 3360 in
351 3306 531 3374 Hispaniam:
540 3304 586 3358 sed
619 3305 761 3375 ginienses.
789 3302 887 3354 Postea
910 3301 945 3352 ab
962 3302 996 3359 iis

212 3375 346 3427 mendose.
367 3373 458 3441 Neque
470 3373 540 3422 enim
553 3373 586 3422 ad
607 3373 652 3426 ”ad
665 3372 800 3426 Romanos
812 3365 956 3430 defecerat,

205 3443 371 3531 joopepdam
385 3455 445 3497 cum
457 3439 585 3514 Scipione
897 3441 900 3447 '
