<?xml version="1.0" encoding="UTF-8"?>
<!DOCTYPE html PUBLIC "-//W3C//DTD XHTML 1.0 Transitional//EN"
    "http://www.w3.org/TR/xhtml1/DTD/xhtml1-transitional.dtd">
<html xmlns="http://www.w3.org/1999/xhtml" xml:lang="en" lang="en">
 <head>
  <title>
</title>
<meta http-equiv="Content-Type" content="text/html;charset=utf-8" />
  <meta name='ocr-system' content='tesseract 3.04.00' />
  <meta name='ocr-capabilities' content='ocr_page ocr_carea ocr_par ocr_line ocrx_word'/>
</head>
<body>
  <div class='ocr_page' id='page_1' title='image "./selectaetitoliv00livygoog_0252.png"; bbox 0 0 2016 3780; ppageno 0'>
   <div class='ocr_carea' id='block_1_1' title="bbox 144 125 833 248">
    <p class='ocr_par' dir='ltr' id='par_1_1' title="bbox 144 125 833 248">
     <span class='ocr_line' id='line_1_1' title="bbox 144 125 833 248; baseline -0.001 -1"><span class='ocrx_word' id='word_1_1' title='bbox 144 125 426 248; x_wconf 78' lang='lat' dir='ltr'>Narinarro</span> <span class='ocrx_word' id='word_1_2' title='bbox 475 174 733 247; x_wconf 80' lang='lat' dir='ltr'>XXXVIII.</span> <span class='ocrx_word' id='word_1_3' title='bbox 797 201 833 248; x_wconf 87' lang='lat' dir='ltr'>rt</span> 
     </span>
    </p>
   </div>
   <div class='ocr_carea' id='block_1_2' title="bbox 26 277 935 3177">
    <p class='ocr_par' dir='ltr' id='par_1_2' title="bbox 26 277 935 3177">
     <span class='ocr_line' id='line_1_2' title="bbox 47 277 838 361; baseline -0.006 -19"><span class='ocrx_word' id='word_1_4' title='bbox 47 282 219 360; x_wconf 57' lang='lat' dir='ltr'>,lariumque</span> <span class='ocrx_word' id='word_1_5' title='bbox 248 326 257 354; x_wconf 83' lang='lat'>,</span> <span class='ocrx_word' id='word_1_6' title='bbox 290 301 394 361; x_wconf 80' lang='lat' dir='ltr'>pugnae</span> <span class='ocrx_word' id='word_1_7' title='bbox 416 277 638 358; x_wconf 79' lang='lat' dir='ltr'>geneeelacile</span> <span class='ocrx_word' id='word_1_8' title='bbox 664 277 763 337; x_wconf 87' lang='lat' dir='ltr'>elusit.</span> <span class='ocrx_word' id='word_1_9' title='bbox 792 277 838 337; x_wconf 77' lang='lat' dir='ltr'>trs</span> 
     </span>
     <span class='ocr_line' id='line_1_3' title="bbox 53 356 841 440; baseline -0.009 -18"><span class='ocrx_word' id='word_1_10' title='bbox 53 363 278 440; x_wconf 82' lang='lat' dir='ltr'>haudquaquam</span> <span class='ocrx_word' id='word_1_11' title='bbox 293 365 357 440; x_wconf 90' lang='lat' dir='ltr'>pari</span> <span class='ocrx_word' id='word_1_12' title='bbox 370 364 531 421; x_wconf 87' lang='lat' dir='ltr'>certamina</span> <span class='ocrx_word' id='word_1_13' title='bbox 544 359 670 436; x_wconf 74' lang='lat' dir='ltr'>digressi</span> <span class='ocrx_word' id='word_1_14' title='bbox 686 402 696 429; x_wconf 84' lang='lat'><strong>‚</strong></span> <span class='ocrx_word' id='word_1_15' title='bbox 716 356 841 436; x_wconf 81' lang='lat' dir='ltr'>Hispani</span> 
     </span>
     <span class='ocr_line' id='line_1_4' title="bbox 52 437 841 521; baseline -0.011 -18"><span class='ocrx_word' id='word_1_16' title='bbox 52 443 117 503; x_wconf 72' lang='lat' dir='ltr'>fere</span> <span class='ocrx_word' id='word_1_17' title='bbox 135 443 424 509; x_wconf 77' lang='lat' dir='ltr'>omnssincolumes</span> <span class='ocrx_word' id='word_1_18' title='bbox 447 486 457 512; x_wconf 87' lang='lat'><strong>‚</strong></span> <span class='ocrx_word' id='word_1_19' title='bbox 479 440 612 501; x_wconf 83' lang='lat' dir='ltr'>¹Romani</span> <span class='ocrx_word' id='word_1_20' title='bbox 639 437 755 521; x_wconf 78' lang='lat' dir='ltr'>aliquot</span> <span class='ocrx_word' id='word_1_21' title='bbox 779 438 841 497; x_wconf 88' lang='lat' dir='ltr'>suis</span> 
     </span>
     <span class='ocr_line' id='line_1_5' title="bbox 55 521 597 594; baseline -0.004 -12"><span class='ocrx_word' id='word_1_22' title='bbox 55 521 194 594; x_wconf 63' lang='lat' dir='ltr'>amissis,</span> <span class='ocrx_word' id='word_1_23' title='bbox 220 523 251 581; x_wconf 90' lang='lat' dir='ltr'>in</span> <span class='ocrx_word' id='word_1_24' title='bbox 265 534 360 589; x_wconf 73' lang='lat' dir='ltr'>cestre</span> <span class='ocrx_word' id='word_1_25' title='bbox 377 522 597 582; x_wconf 84' lang='lat' dir='ltr'>contenderunt.</span> 
     </span>
     <span class='ocr_line' id='line_1_6' title="bbox 50 600 840 682; baseline -0.01 -16"><span class='ocrx_word' id='word_1_26' title='bbox 50 640 54 647; x_wconf 87' lang='lat'>·</span> <span class='ocrx_word' id='word_1_27' title='bbox 95 600 196 665; x_wconf 83' lang='lat' dir='ltr'>XVII.</span> <span class='ocrx_word' id='word_1_28' title='bbox 219 602 331 665; x_wconf 83' lang='lat' dir='ltr'>Fubius</span> <span class='ocrx_word' id='word_1_29' title='bbox 349 621 468 682; x_wconf 87' lang='lat' dir='ltr'>quoque</span> <span class='ocrx_word' id='word_1_30' title='bbox 487 606 580 662; x_wconf 84' lang='lat' dir='ltr'>movit</span> <span class='ocrx_word' id='word_1_31' title='bbox 599 612 720 662; x_wconf 85' lang='lat' dir='ltr'>rastra:</span> <span class='ocrx_word' id='word_1_32' title='bbox 742 610 840 659; x_wconf 86' lang='lat' dir='ltr'>trans-</span> 
     </span>
     <span class='ocr_line' id='line_1_7' title="bbox 54 680 842 763; baseline -0.004 -22"><span class='ocrx_word' id='word_1_33' title='bbox 54 701 230 763; x_wconf 83' lang='lat' dir='ltr'>gressusque</span> <span class='ocrx_word' id='word_1_34' title='bbox 250 683 355 744; x_wconf 87' lang='lat' dir='ltr'>saltum</span> <span class='ocrx_word' id='word_1_35' title='bbox 374 701 464 763; x_wconf 86' lang='lat' dir='ltr'>super</span> <span class='ocrx_word' id='word_1_36' title='bbox 477 683 608 754; x_wconf 79' lang='lat' dir='ltr'>Allifas,</span> <span class='ocrx_word' id='word_1_37' title='bbox 632 682 700 741; x_wconf 89' lang='lat' dir='ltr'>loco</span> <span class='ocrx_word' id='word_1_38' title='bbox 724 680 784 739; x_wconf 90' lang='lat' dir='ltr'>alto</span> <span class='ocrx_word' id='word_1_39' title='bbox 806 697 842 739; x_wconf 84' lang='lat' dir='ltr'>ac</span> 
     </span>
     <span class='ocr_line' id='line_1_8' title="bbox 54 760 844 845; baseline -0.004 -24"><span class='ocrx_word' id='word_1_40' title='bbox 54 764 197 834; x_wconf 82' lang='lat' dir='ltr'>munito,</span> <span class='ocrx_word' id='word_1_41' title='bbox 216 762 362 827; x_wconf 80' lang='lat' dir='ltr'><strong>consedit.</strong></span> <span class='ocrx_word' id='word_1_42' title='bbox 382 762 459 824; x_wconf 84' lang='lat' dir='ltr'>Tum</span> <span class='ocrx_word' id='word_1_43' title='bbox 476 783 531 845; x_wconf 87' lang='lat' dir='ltr'>per</span> <span class='ocrx_word' id='word_1_44' title='bbox 545 765 695 824; x_wconf 87' lang='lat' dir='ltr'>Samnium</span> <span class='ocrx_word' id='word_1_45' title='bbox 717 760 844 833; x_wconf 82' lang='lat' dir='ltr'>Romam</span> 
     </span>
     <span class='ocr_line' id='line_1_9' title="bbox 54 840 843 924; baseline -0.004 -21"><span class='ocrx_word' id='word_1_46' title='bbox 54 862 88 913; x_wconf 84' lang='lat' dir='ltr'>se</span> <span class='ocrx_word' id='word_1_47' title='bbox 97 842 363 924; x_wconf 73' lang='lat' dir='ltr'>peteresimulans</span> <span class='ocrx_word' id='word_1_48' title='bbox 376 843 522 917; x_wconf 73' lang='lat' dir='ltr'>Annibal,</span> <span class='ocrx_word' id='word_1_49' title='bbox 545 863 637 923; x_wconf 89' lang='lat' dir='ltr'>usque</span> <span class='ocrx_word' id='word_1_50' title='bbox 652 845 683 900; x_wconf 92' lang='lat' dir='ltr'>in</span> <span class='ocrx_word' id='word_1_51' title='bbox 704 840 843 918; x_wconf 77' lang='lat' dir='ltr'>Pelignus</span> 
     </span>
     <span class='ocr_line' id='line_1_10' title="bbox 54 922 843 1004; baseline -0.005 -21"><span class='ocrx_word' id='word_1_52' title='bbox 54 925 279 1004; x_wconf 74' lang='lat' dir='ltr'>populabundus</span> <span class='ocrx_word' id='word_1_53' title='bbox 301 923 402 984; x_wconf 84' lang='lat' dir='ltr'>rediit.</span> <span class='ocrx_word' id='word_1_54' title='bbox 424 923 533 986; x_wconf 87' lang='lat' dir='ltr'>Fabius</span> <span class='ocrx_word' id='word_1_55' title='bbox 549 925 655 984; x_wconf 84' lang='lat' dir='ltr'>mediis</span> <span class='ocrx_word' id='word_1_56' title='bbox 673 925 752 981; x_wconf 90' lang='lat' dir='ltr'>inter</span> <span class='ocrx_word' id='word_1_57' title='bbox 771 922 843 980; x_wconf 83' lang='lat' dir='ltr'>hos-</span> 
     </span>
     <span class='ocr_line' id='line_1_11' title="bbox 52 1003 844 1083; baseline -0.004 -22"><span class='ocrx_word' id='word_1_58' title='bbox 52 1004 134 1063; x_wconf 87' lang='lat' dir='ltr'>tium</span> <span class='ocrx_word' id='word_1_59' title='bbox 144 1023 249 1080; x_wconf 78' lang='lat' dir='ltr'>agmen</span> <span class='ocrx_word' id='word_1_60' title='bbox 266 1005 430 1083; x_wconf 80' lang='lat' dir='ltr'>urbemque</span> <span class='ocrx_word' id='word_1_61' title='bbox 450 1006 574 1065; x_wconf 84' lang='lat' dir='ltr'>Romam</span> <span class='ocrx_word' id='word_1_62' title='bbox 593 1006 672 1083; x_wconf 80' lang='lat' dir='ltr'>iugis</span> <span class='ocrx_word' id='word_1_63' title='bbox 690 1003 815 1063; x_wconf 87' lang='lat' dir='ltr'>ducebat</span> <span class='ocrx_word' id='word_1_64' title='bbox 833 1024 844 1073; x_wconf 69' lang='grc' dir='ltr'><strong>ς</strong></span> 
     </span>
     <span class='ocr_line' id='line_1_12' title="bbox 55 1083 846 1164; baseline -0.005 -21"><span class='ocrx_word' id='word_1_65' title='bbox 55 1104 112 1143; x_wconf 84' lang='lat' dir='ltr'>uec</span> <span class='ocrx_word' id='word_1_66' title='bbox 130 1084 274 1144; x_wconf 82' lang='lat' dir='ltr'>absistens</span> <span class='ocrx_word' id='word_1_67' title='bbox 298 1126 307 1154; x_wconf 86' lang='lat'>‚</span> <span class='ocrx_word' id='word_1_68' title='bbox 340 1105 395 1145; x_wconf 85' lang='lat' dir='ltr'>nee</span> <span class='ocrx_word' id='word_1_69' title='bbox 416 1085 619 1164; x_wconf 79' lang='lat' dir='ltr'>congrediens.</span> <span class='ocrx_word' id='word_1_70' title='bbox 642 1087 686 1145; x_wconf 87' lang='lat' dir='ltr'>Ex</span> <span class='ocrx_word' id='word_1_71' title='bbox 711 1083 846 1158; x_wconf 79' lang='lat' dir='ltr'>PelignIs</span> 
     </span>
     <span class='ocr_line' id='line_1_13' title="bbox 57 1161 845 1248; baseline -0.006 -23"><span class='ocrx_word' id='word_1_72' title='bbox 57 1165 163 1225; x_wconf 87' lang='lat' dir='ltr'>Poenus</span> <span class='ocrx_word' id='word_1_73' title='bbox 175 1162 259 1223; x_wconf 81' lang='lat' dir='ltr'>flexit</span> <span class='ocrx_word' id='word_1_74' title='bbox 271 1161 328 1223; x_wconf 85' lang='lat' dir='ltr'>iter</span> <span class='ocrx_word' id='word_1_75' title='bbox 340 1207 348 1235; x_wconf 91' lang='lat'>‚</span> <span class='ocrx_word' id='word_1_76' title='bbox 371 1175 509 1245; x_wconf 87' lang='lat' dir='ltr'>retroque</span> <span class='ocrx_word' id='word_1_77' title='bbox 523 1167 661 1248; x_wconf 78' lang='lat' dir='ltr'>Apuliam</span> <span class='ocrx_word' id='word_1_78' title='bbox 682 1176 821 1243; x_wconf 85' lang='lat' dir='ltr'>repetens</span> <span class='ocrx_word' id='word_1_79' title='bbox 833 1204 845 1233; x_wconf 87' lang='lat'><strong><em>‚</em></strong></span> 
     </span>
     <span class='ocr_line' id='line_1_14' title="bbox 55 1243 935 1326; baseline -0.002 -22"><span class='ocrx_word' id='word_1_80' title='bbox 55 1244 226 1307; x_wconf 80' lang='lat' dir='ltr'>Gerunitrm</span> <span class='ocrx_word' id='word_1_81' title='bbox 239 1245 390 1324; x_wconf 80' lang='lat' dir='ltr'>pervenit3</span> <span class='ocrx_word' id='word_1_82' title='bbox 409 1247 510 1306; x_wconf 87' lang='lat' dir='ltr'>urbem</span> <span class='ocrx_word' id='word_1_83' title='bbox 520 1259 617 1320; x_wconf 89' lang='lat' dir='ltr'>metu,</span> <span class='ocrx_word' id='word_1_84' title='bbox 632 1246 703 1326; x_wconf 88' lang='lat' dir='ltr'>quia</span> <span class='ocrx_word' id='word_1_85' title='bbox 716 1243 863 1325; x_wconf 59' lang='lat' dir='ltr'>collapsa*</span> <span class='ocrx_word' id='word_1_86' title='bbox 932 1306 935 1313; x_wconf 65' lang='grc'>,</span> 
     </span>
     <span class='ocr_line' id='line_1_15' title="bbox 56 1323 846 1402; baseline 0.005 -20"><span class='ocrx_word' id='word_1_87' title='bbox 56 1323 155 1382; x_wconf 85' lang='lat' dir='ltr'>ruinis</span> <span class='ocrx_word' id='word_1_88' title='bbox 182 1343 248 1402; x_wconf 86' lang='lat' dir='ltr'>pers</span> <span class='ocrx_word' id='word_1_89' title='bbox 269 1326 412 1384; x_wconf 73' lang='lat' dir='ltr'>maenium</span> <span class='ocrx_word' id='word_1_90' title='bbox 433 1338 517 1399; x_wconf 87' lang='lat' dir='ltr'>erat,</span> <span class='ocrx_word' id='word_1_91' title='bbox 544 1329 582 1388; x_wconf 89' lang='lat' dir='ltr'>ab</span> <span class='ocrx_word' id='word_1_92' title='bbox 601 1329 663 1387; x_wconf 88' lang='lat' dir='ltr'>suis</span> <span class='ocrx_word' id='word_1_93' title='bbox 683 1326 846 1386; x_wconf 82' lang='lat' dir='ltr'>desertam.</span> 
     </span>
     <span class='ocr_line' id='line_1_16' title="bbox 59 1401 783 1481; baseline 0.003 -21"><span class='ocrx_word' id='word_1_94' title='bbox 59 1401 198 1460; x_wconf 73' lang='lat' dir='ltr'>Dictator</span> <span class='ocrx_word' id='word_1_95' title='bbox 214 1404 244 1461; x_wconf 92' lang='lat' dir='ltr'>in</span> <span class='ocrx_word' id='word_1_96' title='bbox 260 1401 397 1463; x_wconf 78' lang='lat' dir='ltr'>Larinate</span> <span class='ocrx_word' id='word_1_97' title='bbox 408 1423 478 1481; x_wconf 82' lang='lat' dir='ltr'>agro</span> <span class='ocrx_word' id='word_1_98' title='bbox 490 1418 585 1466; x_wconf 87' lang='lat' dir='ltr'>castra</span> <span class='ocrx_word' id='word_1_99' title='bbox 596 1408 783 1466; x_wconf 80' lang='lat' dir='ltr'>communiit.</span> 
     </span>
     <span class='ocr_line' id='line_1_17' title="bbox 84 1479 850 1552; baseline -0.004 -7"><span class='ocrx_word' id='word_1_100' title='bbox 84 1481 216 1545; x_wconf 84' lang='lat' dir='ltr'>XVIII.</span> <span class='ocrx_word' id='word_1_101' title='bbox 242 1479 311 1543; x_wconf 74' lang='lat' dir='ltr'>tude</span> <span class='ocrx_word' id='word_1_102' title='bbox 340 1502 488 1544; x_wconf 86' lang='lat' dir='ltr'>sacrorum</span> <span class='ocrx_word' id='word_1_103' title='bbox 508 1490 594 1546; x_wconf 72' lang='lat' dir='ltr'>causi</span> <span class='ocrx_word' id='word_1_104' title='bbox 619 1488 742 1545; x_wconf 80' lang='lat' dir='ltr'>Romam</span> <span class='ocrx_word' id='word_1_105' title='bbox 767 1505 850 1552; x_wconf 76' lang='lat' dir='ltr'>revo-</span> 
     </span>
     <span class='ocr_line' id='line_1_18' title="bbox 58 1562 845 1642; baseline 0 -17"><span class='ocrx_word' id='word_1_106' title='bbox 58 1574 164 1637; x_wconf 88' lang='lat' dir='ltr'>catus,</span> <span class='ocrx_word' id='word_1_107' title='bbox 185 1581 245 1622; x_wconf 90' lang='lat' dir='ltr'>non</span> <span class='ocrx_word' id='word_1_108' title='bbox 261 1562 389 1642; x_wconf 82' lang='lat' dir='ltr'>imperio</span> <span class='ocrx_word' id='word_1_109' title='bbox 403 1563 515 1637; x_wconf 85' lang='lat' dir='ltr'>morib,</span> <span class='ocrx_word' id='word_1_110' title='bbox 541 1566 592 1625; x_wconf 86' lang='lat' dir='ltr'>sed</span> <span class='ocrx_word' id='word_1_111' title='bbox 608 1565 735 1627; x_wconf 86' lang='lat' dir='ltr'>consilio</span> <span class='ocrx_word' id='word_1_112' title='bbox 751 1567 845 1635; x_wconf 78' lang='lat' dir='ltr'>etiam</span> 
     </span>
     <span class='ocr_line' id='line_1_19' title="bbox 61 1643 850 1725; baseline 0.014 -23"><span class='ocrx_word' id='word_1_113' title='bbox 61 1648 122 1715; x_wconf 85' lang='lat' dir='ltr'>(rr</span> <span class='ocrx_word' id='word_1_114' title='bbox 138 1648 151 1720; x_wconf 93' lang='lat'>)</span> <span class='ocrx_word' id='word_1_115' title='bbox 166 1663 199 1704; x_wconf 88' lang='lat' dir='ltr'>ac</span> <span class='ocrx_word' id='word_1_116' title='bbox 226 1644 320 1725; x_wconf 74' lang='lat' dir='ltr'>prope</span> <span class='ocrx_word' id='word_1_117' title='bbox 341 1643 484 1725; x_wconf 84' lang='lat' dir='ltr'>precibus</span> <span class='ocrx_word' id='word_1_118' title='bbox 505 1665 594 1724; x_wconf 86' lang='lat' dir='ltr'>agens</span> <span class='ocrx_word' id='word_1_119' title='bbox 617 1653 689 1709; x_wconf 87' lang='lat' dir='ltr'>cum&#39;</span> <span class='ocrx_word' id='word_1_120' title='bbox 708 1648 850 1725; x_wconf 85' lang='lat' dir='ltr'>magistro</span> 
     </span>
     <span class='ocr_line' id='line_1_20' title="bbox 63 1721 915 1811; baseline 0.005 -27"><span class='ocrx_word' id='word_1_121' title='bbox 63 1726 220 1804; x_wconf 85' lang='lat' dir='ltr'>equitum,</span> <span class='ocrx_word' id='word_1_122' title='bbox 249 1737 282 1786; x_wconf 84' lang='lat' dir='ltr'>ut</span> <span class='ocrx_word' id='word_1_123' title='bbox 302 1723 369 1805; x_wconf 84' lang='lat' dir='ltr'>plus</span> <span class='ocrx_word' id='word_1_124' title='bbox 389 1727 505 1786; x_wconf 85' lang='lat' dir='ltr'>coasilia</span> <span class='ocrx_word' id='word_1_125' title='bbox 523 1728 605 1809; x_wconf 76' lang='lat' dir='ltr'>quaint</span> <span class='ocrx_word' id='word_1_126' title='bbox 621 1733 745 1799; x_wconf 79' lang='lat' dir='ltr'>fortuna</span> <span class='ocrx_word' id='word_1_127' title='bbox 763 1737 850 1811; x_wconf 68' lang='lat' dir='ltr'><em>confi.</em></span> <span class='ocrx_word' id='word_1_128' title='bbox 909 1721 915 1731; x_wconf 73' lang='grc'><strong><em>’</em></strong></span> 
     </span>
     <span class='ocr_line' id='line_1_21' title="bbox 61 1809 850 1894; baseline 0.014 -30"><span class='ocrx_word' id='word_1_129' title='bbox 61 1810 114 1865; x_wconf 85' lang='lat' dir='ltr'>dat</span> <span class='ocrx_word' id='word_1_130' title='bbox 138 1827 150 1865; x_wconf 83' lang='lat'>.·</span> <span class='ocrx_word' id='word_1_131' title='bbox 183 1819 213 1866; x_wconf 84' lang='lat' dir='ltr'>et</span> <span class='ocrx_word' id='word_1_132' title='bbox 238 1828 269 1867; x_wconf 85' lang='lat' dir='ltr'>se</span> <span class='ocrx_word' id='word_1_133' title='bbox 289 1809 379 1886; x_wconf 83' lang='lat' dir='ltr'>potiris</span> <span class='ocrx_word' id='word_1_134' title='bbox 399 1811 518 1879; x_wconf 84' lang='lat' dir='ltr'>ducem,</span> <span class='ocrx_word' id='word_1_135' title='bbox 552 1809 635 1890; x_wconf 75' lang='lat' dir='ltr'>qutim</span> <span class='ocrx_word' id='word_1_136' title='bbox 657 1811 850 1894; x_wconf 83' lang='lat' dir='ltr'>Sempronium</span> 
     </span>
     <span class='ocr_line' id='line_1_22' title="bbox 62 1884 850 1968; baseline 0.016 -23"><span class='ocrx_word' id='word_1_137' title='bbox 62 1884 287 1968; x_wconf 70' lang='lat' dir='ltr'>Flaminiumque</span> <span class='ocrx_word' id='word_1_138' title='bbox 314 1891 449 1948; x_wconf 79' lang='lat' dir='ltr'>imitetur.</span> <span class='ocrx_word' id='word_1_139' title='bbox 477 1888 519 1950; x_wconf 79' lang='grc' dir='ltr'>Νὲ</span> <span class='ocrx_word' id='word_1_140' title='bbox 546 1891 618 1950; x_wconf 87' lang='lat' dir='ltr'>rriIu&#39;l</span> <span class='ocrx_word' id='word_1_141' title='bbox 638 1907 732 1954; x_wconf 86' lang='lat' dir='ltr'>actum</span> <span class='ocrx_word' id='word_1_142' title='bbox 752 1916 850 1957; x_wconf 87' lang='lat' dir='ltr'>cense-</span> 
     </span>
     <span class='ocr_line' id='line_1_23' title="bbox 64 1967 851 2050; baseline 0.018 -26"><span class='ocrx_word' id='word_1_143' title='bbox 64 1979 142 2038; x_wconf 77' lang='lat' dir='ltr'>ret,</span> <span class='ocrx_word' id='word_1_144' title='bbox 179 1968 311 2027; x_wconf 83' lang='lat' dir='ltr'>extraetd</span> <span class='ocrx_word' id='word_1_145' title='bbox 326 1967 412 2048; x_wconf 61' lang='lat' dir='ltr'>prope*</span> <span class='ocrx_word' id='word_1_146' title='bbox 433 1981 531 2028; x_wconf 83' lang='lat' dir='ltr'>astate</span> <span class='ocrx_word' id='word_1_147' title='bbox 555 1993 606 2050; x_wconf 89' lang='lat' dir='ltr'>per</span> <span class='ocrx_word' id='word_1_148' title='bbox 631 1973 851 2047; x_wconf 83' lang='lat' dir='ltr'>ludificationem</span> 
     </span>
     <span class='ocr_line' id='line_1_24' title="bbox 65 2044 851 2133; baseline 0.017 -31"><span class='ocrx_word' id='word_1_149' title='bbox 65 2044 161 2106; x_wconf 84' lang='lat' dir='ltr'>bostis.</span> <span class='ocrx_word' id='word_1_150' title='bbox 194 2045 324 2104; x_wconf 85' lang='lat' dir='ltr'>Medicas</span> <span class='ocrx_word' id='word_1_151' title='bbox 347 2069 454 2127; x_wconf 81' lang='lat' dir='ltr'>quoque</span> <span class='ocrx_word' id='word_1_152' title='bbox 475 2047 542 2126; x_wconf 88' lang='lat' dir='ltr'>plus</span> <span class='ocrx_word' id='word_1_153' title='bbox 559 2055 698 2112; x_wconf 82' lang='lat' dir='ltr'>interdum</span> <span class='ocrx_word' id='word_1_154' title='bbox 718 2059 812 2133; x_wconf 85' lang='lat' dir='ltr'>quiete</span> <span class='ocrx_word' id='word_1_155' title='bbox 839 2100 851 2128; x_wconf 85' lang='lat'><em>‚</em></span> 
     </span>
     <span class='ocr_line' id='line_1_25' title="bbox 65 2122 853 2208; baseline 0.022 -29"><span class='ocrx_word' id='word_1_156' title='bbox 65 2122 149 2204; x_wconf 81' lang='lat' dir='ltr'>qudm</span> <span class='ocrx_word' id='word_1_157' title='bbox 181 2129 311 2183; x_wconf 85' lang='lat' dir='ltr'>movendo</span> <span class='ocrx_word' id='word_1_158' title='bbox 338 2139 424 2206; x_wconf 85' lang='lat' dir='ltr'>atque</span> <span class='ocrx_word' id='word_1_159' title='bbox 454 2132 564 2204; x_wconf 85' lang='lat' dir='ltr'>agendo</span> <span class='ocrx_word' id='word_1_160' title='bbox 593 2135 735 2208; x_wconf 84' lang='lat' dir='ltr'>proficere.</span> <span class='ocrx_word' id='word_1_161' title='bbox 768 2137 853 2196; x_wconf 86' lang='lat' dir='ltr'>Haud</span> 
     </span>
     <span class='ocr_line' id='line_1_26' title="bbox 64 2210 853 2283; baseline 0.019 -21"><span class='ocrx_word' id='word_1_162' title='bbox 64 2224 180 2283; x_wconf 83' lang='lat' dir='ltr'>parvam</span> <span class='ocrx_word' id='word_1_163' title='bbox 207 2224 265 2262; x_wconf 85' lang='lat' dir='ltr'>rem</span> <span class='ocrx_word' id='word_1_164' title='bbox 286 2224 372 2279; x_wconf 86' lang='lat' dir='ltr'>esse,</span> <span class='ocrx_word' id='word_1_165' title='bbox 393 2210 429 2265; x_wconf 90' lang='lat' dir='ltr'>ab</span> <span class='ocrx_word' id='word_1_166' title='bbox 455 2210 540 2266; x_wconf 86' lang='lat' dir='ltr'>toties</span> <span class='ocrx_word' id='word_1_167' title='bbox 562 2212 664 2270; x_wconf 83' lang='lat' dir='ltr'>victore</span> <span class='ocrx_word' id='word_1_168' title='bbox 680 2213 759 2274; x_wconf 78' lang='lat' dir='ltr'>hoste</span> <span class='ocrx_word' id='word_1_169' title='bbox 779 2220 853 2277; x_wconf 80' lang='lat' dir='ltr'>uinci</span> 
     </span>
     <span class='ocr_line' id='line_1_27' title="bbox 64 2287 853 2374; baseline 0.018 -30"><span class='ocrx_word' id='word_1_170' title='bbox 64 2287 171 2344; x_wconf 80' lang='lat' dir='ltr'>desisse</span> <span class='ocrx_word' id='word_1_171' title='bbox 195 2325 205 2354; x_wconf 88' lang='lat'>‚</span> <span class='ocrx_word' id='word_1_172' title='bbox 247 2296 277 2343; x_wconf 85' lang='lat' dir='ltr'>st</span> <span class='ocrx_word' id='word_1_173' title='bbox 306 2288 342 2343; x_wconf 90' lang='lat' dir='ltr'>ab</span> <span class='ocrx_word' id='word_1_174' title='bbox 364 2289 501 2346; x_wconf 84' lang='lat' dir='ltr'>coutinuis</span> <span class='ocrx_word' id='word_1_175' title='bbox 531 2287 658 2350; x_wconf 80' lang='lat' dir='ltr'>cladibus</span> <span class='ocrx_word' id='word_1_176' title='bbox 684 2297 853 2374; x_wconf 81' lang='lat' dir='ltr'>respirasse.</span> 
     </span>
     <span class='ocr_line' id='line_1_28' title="bbox 26 2363 851 2454; baseline 0.016 -29"><span class='ocrx_word' id='word_1_177' title='bbox 26 2435 31 2441; x_wconf 45' lang='grc'><strong>,</strong></span> <span class='ocrx_word' id='word_1_178' title='bbox 65 2363 134 2425; x_wconf 70' lang='lat' dir='ltr'>uec</span> <span class='ocrx_word' id='word_1_179' title='bbox 148 2363 345 2445; x_wconf 87' lang='lat' dir='ltr'>nequicquam</span> <span class='ocrx_word' id='word_1_180' title='bbox 358 2367 533 2445; x_wconf 74' lang='lat' dir='ltr'>praemonito</span> <span class='ocrx_word' id='word_1_181' title='bbox 546 2371 689 2449; x_wconf 86' lang='lat' dir='ltr'>magistro</span> <span class='ocrx_word' id='word_1_182' title='bbox 699 2377 851 2454; x_wconf 85' lang='lat' dir='ltr'>equitum,</span> 
     </span>
     <span class='ocr_line' id='line_1_29' title="bbox 66 2443 850 2526; baseline 0.004 -21"><span class='ocrx_word' id='word_1_183' title='bbox 66 2443 191 2506; x_wconf 83' lang='lat' dir='ltr'>Romam</span> <span class='ocrx_word' id='word_1_184' title='bbox 203 2456 247 2505; x_wconf 83' lang='lat' dir='ltr'>est</span> <span class='ocrx_word' id='word_1_185' title='bbox 262 2443 422 2526; x_wconf 81' lang='lat' dir='ltr'>profectus.</span> <span class='ocrx_word' id='word_1_186' title='bbox 847 2468 850 2473; x_wconf 91' lang='lat'>·</span> 
     </span>
     <span class='ocr_line' id='line_1_30' title="bbox 106 2523 852 2600; baseline 0.017 -13"><span class='ocrx_word' id='word_1_187' title='bbox 106 2523 192 2587; x_wconf 85' lang='lat' dir='ltr'>XIX.</span> <span class='ocrx_word' id='word_1_188' title='bbox 213 2524 366 2585; x_wconf 85' lang='lat' dir='ltr'>Paululbm</span> <span class='ocrx_word' id='word_1_189' title='bbox 387 2526 535 2588; x_wconf 85' lang='lat' dir='ltr'>intervalli</span> <span class='ocrx_word' id='word_1_190' title='bbox 555 2528 686 2594; x_wconf 90' lang='lat' dir='ltr'>cladibus</span> <span class='ocrx_word' id='word_1_191' title='bbox 710 2534 852 2600; x_wconf 86' lang='lat' dir='ltr'>Romanis</span> 
     </span>
     <span class='ocr_line' id='line_1_31' title="bbox 67 2603 853 2692; baseline 0.017 -27"><span class='ocrx_word' id='word_1_192' title='bbox 67 2603 161 2665; x_wconf 86' lang='lat' dir='ltr'>solers</span> <span class='ocrx_word' id='word_1_193' title='bbox 177 2605 327 2665; x_wconf 88' lang='lat' dir='ltr'>cunctatio</span> <span class='ocrx_word' id='word_1_194' title='bbox 349 2605 433 2667; x_wconf 87' lang='lat' dir='ltr'>Fabii</span> <span class='ocrx_word' id='word_1_195' title='bbox 459 2609 569 2668; x_wconf 85' lang='lat' dir='ltr'>fecerat</span> <span class='ocrx_word' id='word_1_196' title='bbox 589 2631 596 2668; x_wconf 78' lang='lat' dir='ltr'>z</span> <span class='ocrx_word' id='word_1_197' title='bbox 623 2632 686 2692; x_wconf 75' lang='lat' dir='ltr'>quae</span> <span class='ocrx_word' id='word_1_198' title='bbox 704 2627 738 2674; x_wconf 89' lang='lat' dir='ltr'>ut</span> <span class='ocrx_word' id='word_1_199' title='bbox 757 2621 853 2678; x_wconf 80' lang='lat' dir='ltr'>Anni-</span> 
     </span>
     <span class='ocr_line' id='line_1_32' title="bbox 66 2684 852 2774; baseline 0.017 -28"><span class='ocrx_word' id='word_1_200' title='bbox 66 2684 163 2746; x_wconf 87' lang='lat' dir='ltr'>balem</span> <span class='ocrx_word' id='word_1_201' title='bbox 186 2685 411 2749; x_wconf 81' lang='lat' dir='ltr'>nontnediocri</span> <span class='ocrx_word' id='word_1_202' title='bbox 428 2687 590 2749; x_wconf 89' lang='lat' dir='ltr'>sollicitum</span> <span class='ocrx_word' id='word_1_203' title='bbox 608 2692 677 2751; x_wconf 72' lang='lat' dir='ltr'>curi</span> <span class='ocrx_word' id='word_1_204' title='bbox 697 2693 852 2774; x_wconf 74' lang='lat' dir='ltr'>habebat,-</span> 
     </span>
     <span class='ocr_line' id='line_1_33' title="bbox 66 2765 853 2854; baseline 0.004 -27"><span class='ocrx_word' id='word_1_205' title='bbox 66 2765 183 2827; x_wconf 84' lang='lat' dir='ltr'>tanrlem</span> <span class='ocrx_word' id='word_1_206' title='bbox 205 2787 272 2827; x_wconf 82' lang='lat' dir='ltr'>euin</span> <span class='ocrx_word' id='word_1_207' title='bbox 291 2767 409 2830; x_wconf 75' lang='lat' dir='ltr'>militiae</span> <span class='ocrx_word' id='word_1_208' title='bbox 431 2770 605 2848; x_wconf 84' lang='lat' dir='ltr'>magistrum</span> <span class='ocrx_word' id='word_1_209' title='bbox 627 2773 772 2854; x_wconf 82' lang='lat' dir='ltr'>delegisse</span> <span class='ocrx_word' id='word_1_210' title='bbox 789 2780 853 2841; x_wconf 79' lang='lat' dir='ltr'>Ilo.</span> 
     </span>
     <span class='ocr_line' id='line_1_34' title="bbox 66 2849 911 2931; baseline 0.017 -24"><span class='ocrx_word' id='word_1_211' title='bbox 66 2865 168 2907; x_wconf 87' lang='lat' dir='ltr'>manos</span> <span class='ocrx_word' id='word_1_212' title='bbox 186 2861 357 2909; x_wconf 87' lang='lat' dir='ltr'>cernentem</span> <span class='ocrx_word' id='word_1_213' title='bbox 380 2893 390 2922; x_wconf 86' lang='lat'>‚</span> <span class='ocrx_word' id='word_1_214' title='bbox 410 2849 466 2928; x_wconf 77' lang='lat' dir='ltr'>qui</span> <span class='ocrx_word' id='word_1_215' title='bbox 490 2851 600 2912; x_wconf 90' lang='lat' dir='ltr'>bellum</span> <span class='ocrx_word' id='word_1_216' title='bbox 620 2858 758 2931; x_wconf 86' lang='lat' dir='ltr'>ratione,</span> <span class='ocrx_word' id='word_1_217' title='bbox 789 2881 851 2921; x_wconf 92' lang='lat' dir='ltr'>non</span> <span class='ocrx_word' id='word_1_218' title='bbox 907 2886 911 2897; x_wconf 72' lang='lat'><strong><em>¹</em></strong></span> 
     </span>
     <span class='ocr_line' id='line_1_35' title="bbox 66 2927 848 3015; baseline 0.015 -27"><span class='ocrx_word' id='word_1_219' title='bbox 66 2927 180 2988; x_wconf 73' lang='lat' dir='ltr'>fortuni</span> <span class='ocrx_word' id='word_1_220' title='bbox 194 2941 310 3006; x_wconf 78' lang='lat' dir='ltr'>gereret</span> <span class='ocrx_word' id='word_1_221' title='bbox 326 2953 336 3004; x_wconf 79' lang='lat'>3</span> <span class='ocrx_word' id='word_1_222' title='bbox 351 2928 390 2990; x_wconf 76' lang='lat' dir='ltr'>irs</span> <span class='ocrx_word' id='word_1_223' title='bbox 403 2941 573 3014; x_wconf 87' lang='lat' dir='ltr'>contempta</span> <span class='ocrx_word' id='word_1_224' title='bbox 584 2947 647 2995; x_wconf 88' lang='lat' dir='ltr'>erat</span> <span class='ocrx_word' id='word_1_225' title='bbox 657 2939 736 2998; x_wconf 89' lang='lat' dir='ltr'>inter</span> <span class='ocrx_word' id='word_1_226' title='bbox 750 2941 848 3015; x_wconf 80' lang='lat' dir='ltr'>eires,</span> 
     </span>
     <span class='ocr_line' id='line_1_36' title="bbox 70 3014 852 3098; baseline 0.017 -30"><span class='ocrx_word' id='word_1_227' title='bbox 70 3018 198 3087; x_wconf 76' lang='lat' dir='ltr'>armatos</span> <span class='ocrx_word' id='word_1_228' title='bbox 212 3014 323 3091; x_wconf 86' lang='lat' dir='ltr'>pariter</span> <span class='ocrx_word' id='word_1_229' title='bbox 345 3022 546 3092; x_wconf 71' lang='lat' dir='ltr'>togatosque,</span> <span class='ocrx_word' id='word_1_230' title='bbox 570 3017 674 3095; x_wconf 88' lang='lat' dir='ltr'>utique</span> <span class='ocrx_word' id='word_1_231' title='bbox 695 3031 852 3098; x_wconf 84' lang='lat' dir='ltr'>postquam</span> 
     </span>
     <span class='ocr_line' id='line_1_37' title="bbox 70 3087 851 3177; baseline 0.017 -29"><span class='ocrx_word' id='word_1_232' title='bbox 70 3087 190 3150; x_wconf 86' lang='lat' dir='ltr'>absente</span> <span class='ocrx_word' id='word_1_233' title='bbox 217 3111 286 3166; x_wconf 86' lang='lat' dir='ltr'>eo,</span> <span class='ocrx_word' id='word_1_234' title='bbox 320 3092 485 3155; x_wconf 84' lang='lat' dir='ltr'>temeritate</span> <span class='ocrx_word' id='word_1_235' title='bbox 516 3098 650 3174; x_wconf 85' lang='lat' dir='ltr'>magistri</span> <span class='ocrx_word' id='word_1_236' title='bbox 682 3102 813 3177; x_wconf 87' lang='lat' dir='ltr'>equitum</span> <span class='ocrx_word' id='word_1_237' title='bbox 839 3145 851 3175; x_wconf 90' lang='lat'>,</span> 
     </span>
    </p>
   </div>
   <div class='ocr_carea' id='block_1_3' title="bbox 72 3202 939 3442">
    <p class='ocr_par' dir='ltr' id='par_1_3' title="bbox 72 3202 939 3442">
     <span class='ocr_line' id='line_1_38' title="bbox 108 3202 853 3300; baseline 0.016 -22"><span class='ocrx_word' id='word_1_238' title='bbox 108 3247 135 3280; x_wconf 85' lang='lat' dir='ltr'>rr</span> <span class='ocrx_word' id='word_1_239' title='bbox 150 3202 215 3295; x_wconf 68' lang='lat' dir='ltr'>(Ab</span> <span class='ocrx_word' id='word_1_240' title='bbox 223 3231 304 3300; x_wconf 72' lang='lat' dir='ltr'>prope</span> <span class='ocrx_word' id='word_1_241' title='bbox 313 3230 441 3300; x_wconf 78' lang='lat' dir='ltr'>precibus</span> <span class='ocrx_word' id='word_1_242' title='bbox 476 3235 559 3285; x_wconf 84' lang='lat' dir='ltr'>lutam</span> <span class='ocrx_word' id='word_1_243' title='bbox 568 3247 648 3287; x_wconf 81' lang='lat' dir='ltr'>totam</span> <span class='ocrx_word' id='word_1_244' title='bbox 654 3235 729 3288; x_wconf 83' lang='lat' dir='ltr'>Fabii</span> <span class='ocrx_word' id='word_1_245' title='bbox 737 3241 853 3290; x_wconf 82' lang='lat' dir='ltr'>oratiun-</span> 
     </span>
     <span class='ocr_line' id='line_1_39' title="bbox 72 3295 852 3370; baseline 0.015 -23"><span class='ocrx_word' id='word_1_246' title='bbox 72 3295 279 3366; x_wconf 77' lang='lat' dir='ltr'>agens)Pendet</span> <span class='ocrx_word' id='word_1_247' title='bbox 290 3299 381 3359; x_wconf 87' lang='lat' dir='ltr'>oratio,</span> <span class='ocrx_word' id='word_1_248' title='bbox 392 3317 442 3368; x_wconf 83' lang='lat' dir='ltr'>nec</span> <span class='ocrx_word' id='word_1_249' title='bbox 477 3301 563 3352; x_wconf 88' lang='lat' dir='ltr'>culam</span> <span class='ocrx_word' id='word_1_250' title='bbox 576 3338 581 3362; x_wconf 88' lang='lat'><strong><em>‚</em></strong></span> <span class='ocrx_word' id='word_1_251' title='bbox 600 3302 643 3354; x_wconf 90' lang='lat' dir='ltr'>his</span> <span class='ocrx_word' id='word_1_252' title='bbox 654 3321 750 3370; x_wconf 86' lang='lat' dir='ltr'>nempe</span> <span class='ocrx_word' id='word_1_253' title='bbox 764 3307 852 3363; x_wconf 67' lang='lat' dir='ltr'>verbis</span> 
     </span>
     <span class='ocr_line' id='line_1_40' title="bbox 73 3361 939 3442; baseline 0.016 -27"><span class='ocrx_word' id='word_1_254' title='bbox 73 3361 444 3432; x_wconf 75' lang='lat' dir='ltr'>concluditurnisipostabso-</span> <span class='ocrx_word' id='word_1_255' title='bbox 476 3365 803 3442; x_wconf 67' lang='lat' dir='ltr'>Ilourarnestprofeatue&#39;.</span> <span class='ocrx_word' id='word_1_256' title='bbox 857 3396 862 3413; x_wconf 82' lang='lat'>=</span> <span class='ocrx_word' id='word_1_257' title='bbox 935 3396 939 3407; x_wconf 90' lang='lat'>·</span> 
     </span>
    </p>
   </div>
   <div class='ocr_carea' id='block_1_4' title="bbox 651 3437 726 3499">
    <p class='ocr_par' dir='ltr' id='par_1_4' title="bbox 651 3437 726 3499">
     <span class='ocr_line' id='line_1_41' title="bbox 651 3437 726 3499; baseline 0.013 -1"><span class='ocrx_word' id='word_1_258' title='bbox 651 3437 726 3499; x_wconf 78' lang='lat' dir='ltr'>tto</span> 
     </span>
    </p>
   </div>
   <div class='ocr_carea' id='block_1_5' title="bbox 0 0 1024 3780">
    <p class='ocr_par' dir='ltr' id='par_1_5' title="bbox 0 0 1024 3780">
     <span class='ocr_line' id='line_1_42' title="bbox 0 0 1024 3780; baseline 0 0"><span class='ocrx_word' id='word_1_259' title='bbox 0 0 1024 3780; x_wconf 95' lang='lat' dir='ltr'> </span> 
     </span>
    </p>
   </div>
  </div>
 </body>
</html>
