2016 3780
164 212 209 298 98
404 203 533 272 Ttrt
579 204 732 273 Ltvtr

166 307 299 391 pedites,
311 305 470 388 quipridid
480 309 619 368 stationes
628 308 755 367 hostium
765 307 958 390 pepulerant,
983 312 985 319 ’

168 388 205 449 sd
220 389 315 448 levem
334 399 530 462 armaturam,
553 386 655 447 infimo
674 399 803 449 stantem
817 394 959 472 superci-

168 469 234 540 lio,
257 468 349 527 ducit.
821 478 825 483 '

208 547 293 613 VIII.
316 549 371 606 Per
385 559 500 628 aspreta
521 546 639 627 prImb,
663 545 739 606 nihil
762 547 843 608 allud
867 550 959 629 quim

169 628 217 688 vit
236 626 376 707 impediti
394 629 466 687 iere.
486 627 602 687 Deinde
627 639 659 686 ut
681 628 734 687 sub
754 629 850 689 ictum
871 652 960 691 vene·

168 720 258 781 runt,
281 707 408 766 telorum
424 710 520 787 primo
537 708 632 767 omnis
652 708 770 786 generis
789 710 835 768 vIs
850 710 960 790 ingens

170 788 262 849 eflusa
278 797 322 846 est
338 789 450 848 ineos:
464 790 522 867 ipsi
543 787 644 848 contri
658 833 665 860 ,
681 807 771 860 saxa,
787 807 859 867 quae
874 794 961 853 locus

171 876 259 929 strata
273 870 401 947 passim,
429 869 476 946 (ὁ)
489 870 587 927 omnia
600 868 691 927 Iermd
703 869 829 928 missilia
844 912 853 940 ,
875 891 961 953 prae-

171 949 243 1020 bet,
269 951 406 1026 ingerere
421 991 430 1019 ,
464 969 521 1006 non
535 948 646 1007 milites
664 948 782 1022 sollum,
803 948 855 1008 sed
870 951 962 1012 etiam

172 1030 256 1088 turba
291 1030 427 1088 calonum
463 1030 593 1088 immista
625 1028 754 1088 armatis.
783 1030 959 1104 Ceterum,

171 1129 335 1189 quenquam
356 1109 511 1169 adscensus
529 1106 658 1170 dlfficilis
676 1116 737 1167 etat
762 1153 771 1181 ,
811 1119 842 1168 et
863 1114 960 1194 prope

172 1190 370 1250 obruebantur
389 1188 459 1247 telis
475 1190 632 1269 saxisque,
652 1188 840 1249 assuetudine
861 1202 968 1252 tamen

172 1268 351 1329 succedendi
372 1288 493 1340 muros,
519 1281 548 1328 et
569 1268 732 1350 pertinacid
754 1271 849 1339 animi
873 1314 884 1345 ,
917 1291 964 1331 su·

172 1351 292 1410 bierunt
307 1349 410 1426 primi.
433 1351 494 1427 Qui
515 1351 605 1409 simul
622 1348 726 1429 cepdre
748 1348 869 1428 aliquid
887 1352 962 1431 requi

172 1429 254 1500 Ioci,
277 1428 326 1487 ubi
344 1429 431 1487 firmo
451 1431 647 1490 consisterent
667 1426 780 1506 gradu,
811 1428 913 1492 levent
933 1443 963 1491 et

172 1519 411 1571 concursatorem
427 1508 541 1570 bostem
555 1555 564 1581 ‚
585 1520 670 1588 atque
682 1506 840 1570 intervallo
853 1522 963 1587 tutum,

173 1591 242 1650 culm
255 1589 361 1670 procul
373 1589 535 1652 missilibus
551 1587 792 1671 pugna-eluditur
806 1634 815 1664 ,
836 1593 966 1653 instabi-

172 1670 232 1730 Iem
252 1670 386 1730 eumdem
410 1670 444 1729 ad
469 1669 603 1732 cominus
625 1667 819 1730 conserendas
837 1692 964 1746 manus,

173 1749 353 1830 expulerunt
368 1749 436 1810 loco
452 1795 461 1824 ,
487 1763 595 1809 etcum
608 1749 851 1828 caedemagndin
867 1752 960 1815 aciem

172 1831 275 1891 altiori
287 1842 504 1910 superstantem
523 1828 635 1889 tumulo
648 1829 688 1888 im
713 1828 811 1907 egdre.

216 1909 270 1971 IX.
300 1908 369 1968 Inde
393 1909 526 1988 Scipio,
559 1911 646 1987 jussis
669 1848 807 1970 adversis
835 1909 955 1972 mediam

175 1988 301 2050 evadere
321 1989 416 2048 aciem
432 1989 612 2062 victoribus,
640 2000 753 2051 ceteras
773 1993 881 2070 cupias
896 2009 958 2053 curn

168 2069 270 2130 ‚Laeli0
285 2068 412 2142 dividit;
444 2081 532 2151 atque
544 2090 611 2130 eum
628 2079 711 2150 parte
728 2068 833 2129 dextri
858 2069 962 2132 tumuli

176 2150 354 2223 circumire,
381 2151 475 2210 donec
490 2151 623 2210 melioris
642 2149 779 2210 ascensis
791 2151 873 2211 viam
887 2153 963 2212 inve·

176 2232 253 2290 niret
279 2274 288 2303 ,
319 2231 409 2311 jubet.
435 2230 502 2310 lpse
527 2231 564 2290 ab
590 2229 661 2292 Iaeva
685 2273 695 2304 ,
732 2229 864 2291 circuitu
888 2229 965 2294 baud

175 2330 283 2388 magno
309 2352 318 2382 ,
356 2311 388 2369 in
411 2320 589 2370 transversos
612 2309 712 2370 hostes
730 2310 872 2374 incurrit.
894 2311 963 2375 Iudi

175 2392 275 2471 prime
289 2389 406 2450 turbata
417 2391 496 2449 acies
507 2400 552 2449 est
572 2432 581 2460 ,
609 2388 680 2448 dum
693 2387 728 2448 ad
744 2391 963 2453 circumsonen-

176 2479 237 2528 tem
250 2467 381 2547 undique
394 2468 555 2528 clamorem
568 2467 688 2530 flectere
699 2487 810 2531 cornua
820 2482 854 2532 et
862 2474 962 2536 obver-

177 2560 240 2609 tere
261 2549 380 2610 ordines
404 2548 517 2609 volunt.
771 2580 776 2585 -

216 2631 255 2694 X.
278 2630 344 2691 Hoc
366 2629 492 2691 tumultu
512 2639 541 2689 et
558 2627 667 2691 Laelius
682 2627 795 2690 subiit:
810 2640 863 2706 et,
892 2632 962 2694 dum

198 2711 282 2770 edem
298 2710 449 2785 referunt,
465 2710 503 2770 nd
515 2710 551 2771 ab
564 2709 898 2789 tergovulnerarentur,
913 2711 961 2792 (6)

176 2728 272 2848 beata
288 2790 383 2871 prima
402 2792 482 2851 acies
499 2834 508 2864 ,
527 2789 668 2870 locusque
685 2790 719 2849 ad
738 2788 923 2854 euadendum
934 2803 962 2854 et

176 2869 283 2929 medita
293 2868 378 2929 datus
390 2882 435 2929 est
450 2914 460 2943 ,
485 2871 535 2950 qui
546 2891 600 2950 per
612 2880 672 2930 tem
687 2871 823 2950 iniquum
836 2873 960 2948 locum,

210 2973 225 3026 5
240 2970 365 3038 (Omnia
379 2969 550 3039 fermentis·
583 2986 623 3025 est
630 2975 662 3026 ad
670 2973 834 3027 subeundum
846 2977 878 3030 in
887 2978 961 3031 altis·

177 3039 245 3094 silia
257 3041 268 3106 )
280 3038 347 3157 ῼυω
364 3039 470 3108 quidem
488 3056 549 3114 sexa
582 3057 637 3089 rem
648 3040 778 3092 tumulum
789 3044 886 3096 mediae
897 3059 959 3115 ,quo-

158 3109 268 3160 .omnia
299 3105 368 3157 ermb
388 3119 463 3157 erant
479 3121 549 3170 epus·
582 3122 633 3173 que
660 3107 841 3162 Romanorum
866 3112 958 3164 aciei:

178 3175 269 3234 modi,
295 3186 324 3224 ut
343 3190 424 3224 manu
443 3173 504 3240 cepi
522 3184 549 3222 et
581 3187 639 3240 quae
656 3190 792 3244 nunquam
812 3177 959 3242 subiisset,

177 3242 248 3294 mitti
262 3254 378 3306 possent.
583 3239 606 3289 sl
626 3242 758 3293 stetissent
773 3243 872 3313 integri
895 3244 961 3297 hos·

211 3305 549 3376 6(Las:ataprt'maact'es)
583 3306 649 3356 tium
666 3302 770 3361 ordines
792 3348 798 3372 ,
827 3310 959 3432 elephan-

179 3375 278 3426 Laxata
305 3387 344 3425 est
372 3374 457 3440 pritna
479 3373 549 3424 acies
582 3372 654 3440 tique
681 3387 742 3426 ante
770 3375 853 3445 signtt'
887 3379 960 3434 ocati

179 3442 329 3509 Poenorum,
342 3439 548 3511 locusquedatut
581 3440 750 3500 mansissent·
