2016 3780
80 190 143 241 reu
310 168 436 243 T1r1
483 172 635 243 Lrv11

76 273 170 334 militi
196 274 310 351 objecta
329 288 392 335 urat
417 320 426 349 ,
463 290 493 337 et
520 277 699 355 procedente
729 278 794 354 iam
822 278 868 340 die

77 356 156 416 vires
171 357 262 415 etiam
283 355 410 417 delicere
428 357 596 417 Asdrubalis
617 358 790 419 exercitum
813 381 869 421 coe-

78 448 205 518 perant,
236 456 391 518 oppressos
412 438 560 499 matutino
589 437 744 510 tumultu,
786 460 871 501 coac·

79 529 203 597 tesque,
217 522 388 596 priusquam
401 519 469 579 cibo
481 538 607 599 corpora
619 518 798 592 firmarent,
810 541 872 601 rap·

78 601 133 655 tim
149 600 178 655 in
192 600 285 657 aciem
302 601 395 658 exire.
415 599 461 659 Ad
473 600 506 660 id
520 597 624 665 sedule
635 599 874 661 diemextraxe·

77 689 122 737 rat
135 678 255 758 Scipio,
269 687 301 735 ut
312 699 375 740 sera
390 699 488 759 pugna
500 691 585 742 esset.
600 681 676 741 Nem
689 680 727 739 ab
739 682 874 761 septima

78 758 200 817 demum
221 757 297 819 lrora
319 759 454 841 peditum
473 764 556 842 signa
571 760 711 820 cornibus
730 763 876 823 incucur-

78 849 189 901 rerunt.
207 838 253 898 Ad
275 840 386 900 medias
409 843 489 903 acies
514 842 663 924 aliquanti>
685 841 790 902 seribs
808 863 876 922 per·

77 920 160 978 veuit
183 939 281 999 pugna
309 941 316 978 :
343 924 429 981 itaut
444 924 528 1003 pride
554 919 674 981 aestusd
702 923 874 982 meridiano

77 1002 160 1072 sole,
182 1000 325 1079 laborque
334 1001 434 1062 standi
446 1004 499 1062 suh
511 1004 618 1073 armis,
633 1008 664 1060 ei
674 1002 772 1063 simul
784 1003 876 1063 fames

79 1084 205 1161 sitisque
230 1100 354 1162 corpora
376 1081 529 1159 afficeret,
556 1083 645 1163 qudm
669 1102 780 1143 manus
808 1104 875 1144 cum

74 1160 165 1222 hoste
192 1174 389 1223 consererent.
411 1164 514 1244 ltaque
540 1174 684 1225 steterunt
708 1164 811 1224 scutis
833 1165 877 1222 in·

78 1246 154 1303 nixi.
168 1244 241 1302 Nam
255 1262 344 1323 super
355 1255 453 1304 cetera
466 1244 616 1327 elephanti
630 1245 741 1317 etiam,
764 1242 876 1304 tumul-

79 1338 166 1384 tuoso
192 1342 301 1399 genere
324 1344 429 1405 pugnae
462 1327 596 1406 equiturn
625 1323 817 1404 velitumque
848 1333 876 1381 et

78 1405 153 1465 levis
167 1413 318 1464 armature
333 1410 510 1467 consternati
526 1452 534 1480 ,
561 1410 577 1466 d
599 1404 740 1467 cornibus
756 1409 792 1465 in
813 1425 874 1465 me·

79 1485 159 1545 diam
176 1483 271 1543 aciem
287 1505 351 1545 sese
368 1487 539 1549 intulerant.
555 1486 637 1551 Fessi
653 1486 751 1563 igitur
768 1504 875 1567 corpp-

79 1566 162 1628 ribus
177 1566 341 1645 animisque
355 1567 484 1628 retulere
493 1569 601 1649 pedem
616 1589 622 1626 :
638 1565 762 1626 ordines
778 1580 874 1628 tamen

79 1656 231 1709 servantes
248 1692 257 1720 ‚
284 1647 362 1708 haud
385 1650 471 1708 sectis
488 1650 574 1730 quim
590 1648 616 1708 si
632 1647 770 1727 imperio
793 1646 874 1707 discis

79 1729 222 1788 cederent
237 1729 352 1806 integra
366 1730 455 1789 acies.
469 1729 527 1790 Sed
541 1733 608 1791 crim
621 1746 658 1787 eo
669 1727 739 1807 ipso
755 1728 874 1801 scrisis,

78 1808 129 1867 ubi
145 1808 318 1867 inclinatam
341 1810 457 1871 sensere
474 1831 560 1882 rem,
581 1812 710 1869 victores
732 1828 768 1868 se
791 1808 874 1868 undi-

79 1906 137 1966 que
157 1886 355 1959 inveherent,
391 1908 446 1948 nec
461 1888 549 1949 facile
576 1891 708 1972 impetus
729 1887 873 1948 sustineri

77 1977 179 2050 posset
204 1991 213 2038 ;
249 1986 413 2046 quanquam
439 1969 607 2044 retinebat,
645 1967 871 2048 obsistebatque

79 2047 250 2107 cedentibus
281 2047 424 2109 Asdrubal
453 2071 460 2110 ε
491 2062 588 2110 tamen
619 2049 760 2108 vincente
790 2069 872 2108 vere·

78 2127 218 2191 cundiam
234 2139 314 2190 metu
333 2141 349 2204 ,'
367 2141 448 2208 terga
461 2129 615 2213 extemplb
627 2128 714 2200 data,
737 2141 830 2209 atque
841 2130 868 2187 in

77 2210 178 2288 fugam
196 2229 259 2269 sese
273 2229 375 2271 omnes
391 2210 557 2272 effuderunt
578 2207 709 2270 :deinde
728 2208 760 2266 in
778 2220 868 2270 castra

79 2289 306 2374 compelluntur.
320 2291 383 2361 Nec
397 2291 502 2372 procul
515 2292 595 2352 vallo
609 2333 619 2361 ‚
634 2289 794 2349 Romanus
807 2290 868 2350 abs·

76 2384 142 2443 rat,
158 2373 345 2452 cepissetque
359 2383 438 2431 tanto
453 2372 700 2452 impetucastra,
718 2370 780 2429 nisi
796 2382 869 2451 tanta

67 2453 122 2511 -vis
148 2470 229 2529 aquae
254 2451 371 2530 ciejccta
394 2465 496 2526 esset,
521 2463 553 2511 ut
579 2453 628 2511 vix
646 2452 677 2509 in
703 2460 804 2512 castra
820 2469 866 2513 sus

75 2532 246 2610 receperint
265 2552 297 2591 se
320 2533 457 2593 victores.

117 2611 188 2675 XII.
206 2611 359 2674 Transitio
371 2613 538 2688 sociorum,
556 2611 623 2692 fuga
635 2622 667 2671 ut
679 2612 775 2673 tutior
786 2613 867 2674 mord

76 2693 252 2765 videretur,
278 2695 359 2755 lecit.
379 2695 563 2775 Principium
575 2694 750 2754 defectionis
763 2695 803 2753 ab
817 2697 866 2753 At-

76 2784 144 2832 tane
166 2773 271 2849 regulo
295 2775 532 2836 Turdetanorum
552 2776 660 2836 factum
686 2786 742 2835 est.
763 2773 806 2833 Et
831 2795 865 2834 ue

76 2850 188 2923 lstiirs,
211 2851 360 2917 inclinatis
373 2857 464 2919 semel
480 2858 515 2929 ad
527 2856 722 2917 delectionem
738 2855 865 2926 animis,

75 2944 209 3016 serperet
221 2953 269 3012 res
283 2980 292 3008 ,
313 2937 433 2996 silentio
444 2940 593 3019 proximos
605 2937 701 2995 noctis
713 2935 866 2997 Asdrubal

76 3025 171 3074 castra
183 3027 293 3076 movet.
302 3016 426 3097 Scipio(
434 3018 572 3097 ut‘primd
584 3016 650 3076 luce
659 3017 709 3094 qui
719 3017 750 3075 in
763 3020 866 3077 statio-

75 3095 164 3157 nibus
176 3107 259 3154 eraut
274 3099 438 3158 retulerunt
453 3097 602 3178 proiectos
622 3097 722 3157 hostes
737 3145 746 3172 ‚
776 3118 864 3180 prer-

59 3248 62 3254 ,
75 3177 167 3239 misso
175 3176 307 3257 equitatu
318 3180 399 3260 signa
412 3179 482 3240 ferri
494 3177 584 3260 jubet.
595 3179 712 3258 Eques,
726 3179 864 3260 levisque

57 3270 245 3332 armatura,
267 3280 345 3321 nunc
369 3262 406 3323 ab
426 3273 531 3340 tergo,
558 3279 633 3319 nunc
658 3258 695 3318 ab
714 3259 862 3322 lateribus

75 3339 280 3422 occurrendo,
302 3343 442 3426 fatigabat
458 3340 682 3425 sperabaturque
699 3361 706 3399 :
721 3345 774 3405 sed
792 3345 862 3410 edm
