<?xml version="1.0" encoding="UTF-8"?>
<!DOCTYPE html PUBLIC "-//W3C//DTD XHTML 1.0 Transitional//EN"
    "http://www.w3.org/TR/xhtml1/DTD/xhtml1-transitional.dtd">
<html xmlns="http://www.w3.org/1999/xhtml" xml:lang="en" lang="en">
 <head>
  <title>
</title>
<meta http-equiv="Content-Type" content="text/html;charset=utf-8" />
  <meta name='ocr-system' content='tesseract 3.04.00' />
  <meta name='ocr-capabilities' content='ocr_page ocr_carea ocr_par ocr_line ocrx_word'/>
</head>
<body>
  <div class='ocr_page' id='page_1' title='image "./selectaetitoliv00livygoog_0123.png"; bbox 0 0 2016 3780; ppageno 0'>
   <div class='ocr_carea' id='block_1_1' title="bbox 167 128 717 207">
    <p class='ocr_par' dir='ltr' id='par_1_1' title="bbox 167 128 717 207">
     <span class='ocr_line' id='line_1_1' title="bbox 167 128 717 207; baseline 0.005 -5"><span class='ocrx_word' id='word_1_1' title='bbox 167 157 231 202; x_wconf 86' lang='lat'><strong><em>122</em></strong></span> <span class='ocrx_word' id='word_1_2' title='bbox 344 128 518 204; x_wconf 73' lang='lat' dir='ltr'>.T1u&#39;1</span> <span class='ocrx_word' id='word_1_3' title='bbox 565 133 717 207; x_wconf 87' lang='lat' dir='ltr'>L1v11</span> 
     </span>
    </p>
   </div>
   <div class='ocr_carea' id='block_1_2' title="bbox 38 237 978 3263">
    <p class='ocr_par' dir='ltr' id='par_1_2' title="bbox 161 237 959 1016">
     <span class='ocr_line' id='line_1_2' title="bbox 163 237 947 330; baseline 0.011 -34"><span class='ocrx_word' id='word_1_4' title='bbox 163 248 223 297; x_wconf 86' lang='lat' dir='ltr'><strong><em>tore</em></strong></span> <span class='ocrx_word' id='word_1_5' title='bbox 232 239 368 309; x_wconf 85' lang='lat' dir='ltr'><strong><em>sactum,</em></strong></span> <span class='ocrx_word' id='word_1_6' title='bbox 388 250 438 310; x_wconf 79' lang='lat' dir='ltr'><strong><em>et,</em></strong></span> <span class='ocrx_word' id='word_1_7' title='bbox 466 240 515 320; x_wconf 78' lang='lat' dir='ltr'><strong><em>qui</em></strong></span> <span class='ocrx_word' id='word_1_8' title='bbox 536 242 683 330; x_wconf 50' lang='lat' dir='ltr'><strong><em>adueniens</em></strong></span> <span class='ocrx_word' id='word_1_9' title='bbox 702 252 796 299; x_wconf 83' lang='lat' dir='ltr'><strong><em>castro</em></strong></span> <span class='ocrx_word' id='word_1_10' title='bbox 812 237 947 323; x_wconf 77' lang='lat' dir='ltr'><strong><em>urbesque</em></strong></span> 
     </span>
     <span class='ocr_line' id='line_1_3' title="bbox 161 319 947 397; baseline 0.006 -22"><span class='ocrx_word' id='word_1_11' title='bbox 161 321 252 395; x_wconf 82' lang='lat' dir='ltr'><strong><em>primo</em></strong></span> <span class='ocrx_word' id='word_1_12' title='bbox 277 321 314 376; x_wconf 88' lang='lat' dir='ltr'><strong><em>im</em></strong></span> <span class='ocrx_word' id='word_1_13' title='bbox 336 329 382 378; x_wconf 78' lang='lat' dir='ltr'><strong><em>eiu</em></strong></span> <span class='ocrx_word' id='word_1_14' title='bbox 409 339 508 397; x_wconf 83' lang='lat' dir='ltr'><strong><em>rapere</em></strong></span> <span class='ocrx_word' id='word_1_15' title='bbox 526 321 566 377; x_wconf 82' lang='lat' dir='ltr'><strong><em>sit</em></strong></span> <span class='ocrx_word' id='word_1_16' title='bbox 584 319 706 392; x_wconf 80' lang='lat' dir='ltr'><strong><em>solitus,</em></strong></span> <span class='ocrx_word' id='word_1_17' title='bbox 738 340 801 380; x_wconf 89' lang='lat' dir='ltr'><strong><em>eum</em></strong></span> <span class='ocrx_word' id='word_1_18' title='bbox 822 322 947 385; x_wconf 75' lang='lat' dir='ltr'><strong><em>&#39;residem</em></strong></span> 
     </span>
     <span class='ocr_line' id='line_1_4' title="bbox 164 340 947 479; baseline 0.008 -24"><span class='ocrx_word' id='word_1_19' title='bbox 164 401 237 456; x_wconf 81' lang='lat' dir='ltr'><strong><em>intra</em></strong></span> <span class='ocrx_word' id='word_1_20' title='bbox 264 340 369 456; x_wconf 75' lang='lat' dir='ltr'><strong><em>vallium</em></strong></span> <span class='ocrx_word' id='word_1_21' title='bbox 395 409 503 479; x_wconf 80' lang='lat' dir='ltr'><strong><em>tempus</em></strong></span> <span class='ocrx_word' id='word_1_22' title='bbox 525 410 615 458; x_wconf 80' lang='lat' dir='ltr'><strong><em>terere</em></strong></span> <span class='ocrx_word' id='word_1_23' title='bbox 635 441 644 470; x_wconf 89' lang='lat'>,</span> <span class='ocrx_word' id='word_1_24' title='bbox 700 401 750 459; x_wconf 84' lang='lat' dir='ltr'><strong><em>uid</em></strong></span> <span class='ocrx_word' id='word_1_25' title='bbox 770 420 947 461; x_wconf 87' lang='lat' dir='ltr'><strong><em>accessurum</em></strong></span> 
     </span>
     <span class='ocr_line' id='line_1_5' title="bbox 164 421 948 559; baseline 0.009 -22"><span class='ocrx_word' id='word_1_26' title='bbox 164 482 245 549; x_wconf 87' lang='lat' dir='ltr'><strong><em>suis,</em></strong></span> <span class='ocrx_word' id='word_1_27' title='bbox 268 482 475 547; x_wconf 81' lang='lat' dir='ltr'><strong><em>decessurumue</em></strong></span> <span class='ocrx_word' id='word_1_28' title='bbox 495 477 614 537; x_wconf 77' lang='lat' dir='ltr'><strong><em>bostium</em></strong></span> <span class='ocrx_word' id='word_1_29' title='bbox 632 421 741 549; x_wconf 59' lang='lat' dir='ltr'><strong><em>uiribus</em></strong></span> <span class='ocrx_word' id='word_1_30' title='bbox 764 486 948 559; x_wconf 82' lang='lat' dir='ltr'><strong><em>operanteml</em></strong></span> 
     </span>
     <span class='ocr_line' id='line_1_6' title="bbox 168 557 959 639; baseline 0.01 -25"><span class='ocrx_word' id='word_1_31' title='bbox 168 557 260 637; x_wconf 84' lang='lat' dir='ltr'><strong><em>Quam</em></strong></span> <span class='ocrx_word' id='word_1_32' title='bbox 275 558 468 630; x_wconf 77' lang='lat' dir='ltr'><strong><em>occasionem,</em></strong></span> <span class='ocrx_word' id='word_1_33' title='bbox 510 561 564 616; x_wconf 83' lang='lat' dir='ltr'><strong><em>uod</em></strong></span> <span class='ocrx_word' id='word_1_34' title='bbox 582 569 711 639; x_wconf 79' lang='lat' dir='ltr'><strong><em>tenipus,</em></strong></span> <span class='ocrx_word' id='word_1_35' title='bbox 733 580 816 639; x_wconf 79' lang='lat' dir='ltr'><strong><em>quem</em></strong></span> <span class='ocrx_word' id='word_1_36' title='bbox 837 562 959 622; x_wconf 68' lang='lat' dir='ltr'><strong><em>insidiis</em></strong></span> 
     </span>
     <span class='ocr_line' id='line_1_7' title="bbox 165 578 948 719; baseline 0.009 -25"><span class='ocrx_word' id='word_1_37' title='bbox 165 639 334 696; x_wconf 68' lang='lat' dir='ltr'><strong><em>instruendis</em></strong></span> <span class='ocrx_word' id='word_1_38' title='bbox 349 636 438 696; x_wconf 87' lang='lat' dir='ltr'><strong><em>locum</em></strong></span> <span class='ocrx_word' id='word_1_39' title='bbox 453 640 463 698; x_wconf 92' lang='lat' dir='ltr'><strong><em>i</em></strong></span> <span class='ocrx_word' id='word_1_40' title='bbox 486 578 600 717; x_wconf 71' lang='lat' dir='ltr'><strong><em>lrigere</em></strong></span> <span class='ocrx_word' id='word_1_41' title='bbox 614 659 648 698; x_wconf 91' lang='lat' dir='ltr'><strong><em>ac</em></strong></span> <span class='ocrx_word' id='word_1_42' title='bbox 665 651 775 719; x_wconf 79' lang='lat' dir='ltr'><strong><em>torpere</em></strong></span> <span class='ocrx_word' id='word_1_43' title='bbox 792 642 871 699; x_wconf 85' lang='lat' dir='ltr'><strong><em>senis</em></strong></span> <span class='ocrx_word' id='word_1_44' title='bbox 882 663 948 701; x_wconf 89' lang='lat' dir='ltr'><strong><em>con·</em></strong></span> 
     </span>
     <span class='ocr_line' id='line_1_8' title="bbox 164 715 949 798; baseline 0.009 -23"><span class='ocrx_word' id='word_1_45' title='bbox 164 715 240 776; x_wconf 89' lang='lat' dir='ltr'><strong><em>silio.</em></strong></span> <span class='ocrx_word' id='word_1_46' title='bbox 261 715 316 776; x_wconf 80' lang='lat' dir='ltr'><strong><em>Sed</em></strong></span> <span class='ocrx_word' id='word_1_47' title='bbox 338 716 460 777; x_wconf 76' lang='lat' dir='ltr'><strong><em>Camillo</em></strong></span> <span class='ocrx_word' id='word_1_48' title='bbox 481 728 538 776; x_wconf 86' lang='lat' dir='ltr'><strong><em>tum</em></strong></span> <span class='ocrx_word' id='word_1_49' title='bbox 562 720 625 778; x_wconf 80' lang='lat' dir='ltr'><strong><em>vita</em></strong></span> <span class='ocrx_word' id='word_1_50' title='bbox 646 720 743 790; x_wconf 83' lang='lat' dir='ltr'><strong><em>sotis,</em></strong></span> <span class='ocrx_word' id='word_1_51' title='bbox 768 728 826 778; x_wconf 84' lang='lat' dir='ltr'><strong><em>tum</em></strong></span> <span class='ocrx_word' id='word_1_52' title='bbox 846 718 949 798; x_wconf 75' lang='lat' dir='ltr'><strong><em>gloria</em></strong></span> 
     </span>
     <span class='ocr_line' id='line_1_9' title="bbox 164 796 948 876; baseline 0.009 -23"><span class='ocrx_word' id='word_1_53' title='bbox 164 816 234 853; x_wconf 86' lang='lat' dir='ltr'><strong><em>esse.</em></strong></span> <span class='ocrx_word' id='word_1_54' title='bbox 266 796 342 870; x_wconf 81' lang='lat' dir='ltr'><strong><em>Quid</em></strong></span> <span class='ocrx_word' id='word_1_55' title='bbox 362 798 483 856; x_wconf 78' lang='lat' dir='ltr'><strong><em>attinere</em></strong></span> <span class='ocrx_word' id='word_1_56' title='bbox 500 818 561 855; x_wconf 86' lang='lat' dir='ltr'><strong><em>curn</em></strong></span> <span class='ocrx_word' id='word_1_57' title='bbox 588 796 702 857; x_wconf 81' lang='lat' dir='ltr'><em>mortali</em></span> <span class='ocrx_word' id='word_1_58' title='bbox 732 818 845 876; x_wconf 81' lang='lat' dir='ltr'><strong><em>corporo</em></strong></span> <span class='ocrx_word' id='word_1_59' title='bbox 870 822 948 873; x_wconf 90' lang='lat' dir='ltr'><strong><em>uno,</em></strong></span> 
     </span>
     <span class='ocr_line' id='line_1_10' title="bbox 163 875 949 961; baseline 0.008 -27"><span class='ocrx_word' id='word_1_60' title='bbox 163 876 311 957; x_wconf 69' lang='lat' dir='ltr'><strong><em>ciuitatis,</em></strong></span> <span class='ocrx_word' id='word_1_61' title='bbox 333 896 416 955; x_wconf 81' lang='lat' dir='ltr'><strong><em>quom</em></strong></span> <span class='ocrx_word' id='word_1_62' title='bbox 441 875 628 939; x_wconf 82' lang='lat' dir='ltr'><strong><em>immortalem</em></strong></span> <span class='ocrx_word' id='word_1_63' title='bbox 655 898 715 938; x_wconf 85' lang='lat' dir='ltr'><strong><em>esso</em></strong></span> <span class='ocrx_word' id='word_1_64' title='bbox 739 881 859 953; x_wconf 83' lang='lat' dir='ltr'><strong><em>deceat,</em></strong></span> <span class='ocrx_word' id='word_1_65' title='bbox 881 882 949 961; x_wconf 81' lang='lat' dir='ltr'><strong><em>poti</em></strong></span> 
     </span>
     <span class='ocr_line' id='line_1_11' title="bbox 164 958 823 1016; baseline 0.005 -2"><span class='ocrx_word' id='word_1_66' title='bbox 164 975 356 1014; x_wconf 85' lang='lat' dir='ltr'><strong><em>consenescere</em></strong></span> <span class='ocrx_word' id='word_1_67' title='bbox 366 958 458 1016; x_wconf 82' lang='lat' dir='ltr'><strong><em>virosi</em></strong></span> <span class='ocrx_word' id='word_1_68' title='bbox 821 974 823 979; x_wconf 87' lang='grc'><strong>’</strong></span> 
     </span>
    </p>

    <p class='ocr_par' dir='ltr' id='par_1_3' title="bbox 164 1033 951 1577">
     <span class='ocr_line' id='line_1_12' title="bbox 205 1033 950 1097; baseline 0.001 -1"><span class='ocrx_word' id='word_1_69' title='bbox 205 1033 244 1096; x_wconf 82' lang='lat' dir='ltr'><strong><em>V.</em></strong></span> <span class='ocrx_word' id='word_1_70' title='bbox 260 1034 314 1094; x_wconf 85' lang='lat' dir='ltr'><strong><em>His</em></strong></span> <span class='ocrx_word' id='word_1_71' title='bbox 337 1035 522 1095; x_wconf 82' lang='lat' dir='ltr'><strong><em>sermonibus</em></strong></span> <span class='ocrx_word' id='word_1_72' title='bbox 545 1045 607 1096; x_wconf 76' lang='lat' dir='ltr'><strong><em>tois</em></strong></span> <span class='ocrx_word' id='word_1_73' title='bbox 624 1036 654 1096; x_wconf 87' lang='lat' dir='ltr'><strong><em>in</em></strong></span> <span class='ocrx_word' id='word_1_74' title='bbox 673 1053 705 1095; x_wconf 86' lang='lat' dir='ltr'><strong><em>so</em></strong></span> <span class='ocrx_word' id='word_1_75' title='bbox 722 1045 870 1097; x_wconf 73' lang='lat' dir='ltr'><strong><em>averterat</em></strong></span> <span class='ocrx_word' id='word_1_76' title='bbox 889 1052 950 1097; x_wconf 78' lang='lat' dir='ltr'><strong><em>cas·</em></strong></span> 
     </span>
     <span class='ocr_line' id='line_1_13' title="bbox 164 1115 949 1196; baseline 0.001 -22"><span class='ocrx_word' id='word_1_77' title='bbox 164 1126 209 1174; x_wconf 79' lang='lat' dir='ltr'><strong><em>tro</em></strong></span> <span class='ocrx_word' id='word_1_78' title='bbox 227 1116 299 1188; x_wconf 75' lang='lat' dir='ltr'><strong><em>:&#39;et‚</em></strong></span> <span class='ocrx_word' id='word_1_79' title='bbox 321 1115 388 1177; x_wconf 80' lang='lat' dir='ltr'><strong><em>cirin</em></strong></span> <span class='ocrx_word' id='word_1_80' title='bbox 401 1115 537 1176; x_wconf 87' lang='lat' dir='ltr'><strong><em>omnibus</em></strong></span> <span class='ocrx_word' id='word_1_81' title='bbox 550 1115 625 1176; x_wconf 86' lang='lat' dir='ltr'><strong><em>locis</em></strong></span> <span class='ocrx_word' id='word_1_82' title='bbox 642 1124 813 1196; x_wconf 77' lang='lat' dir='ltr'><strong><em>posceretur</em></strong></span> <span class='ocrx_word' id='word_1_83' title='bbox 828 1135 949 1196; x_wconf 82' lang='lat' dir='ltr'><strong><em>pugna,</em></strong></span> 
     </span>
     <span class='ocr_line' id='line_1_14' title="bbox 167 1195 950 1277; baseline 0.003 -23"><span class='ocrx_word' id='word_1_84' title='bbox 167 1195 331 1264; x_wconf 72' lang='lat' dir='ltr'><strong><em>sustinere,</em></strong></span> <span class='ocrx_word' id='word_1_85' title='bbox 354 1195 454 1274; x_wconf 86' lang='lat' dir='ltr'><strong><em>inquit</em></strong></span> <span class='ocrx_word' id='word_1_86' title='bbox 469 1239 478 1266; x_wconf 85' lang='lat'>‚</span> <span class='ocrx_word' id='word_1_87' title='bbox 503 1195 548 1254; x_wconf 90' lang='lat' dir='ltr'><strong><em>M.</em></strong></span> <span class='ocrx_word' id='word_1_88' title='bbox 566 1195 651 1268; x_wconf 76' lang='lat' dir='ltr'><strong><em>Puri,</em></strong></span> <span class='ocrx_word' id='word_1_89' title='bbox 670 1219 723 1255; x_wconf 86' lang='lat' dir='ltr'><strong><em>non</em></strong></span> <span class='ocrx_word' id='word_1_90' title='bbox 734 1198 882 1277; x_wconf 81' lang='lat' dir='ltr'><strong><em>possumus</em></strong></span> <span class='ocrx_word' id='word_1_91' title='bbox 896 1200 950 1256; x_wconf 90' lang='lat' dir='ltr'><strong><em>mi·</em></strong></span> 
     </span>
     <span class='ocr_line' id='line_1_15' title="bbox 166 1273 949 1355; baseline 0.005 -24"><span class='ocrx_word' id='word_1_92' title='bbox 166 1273 249 1332; x_wconf 77' lang='lat' dir='ltr'><strong><em>litum</em></strong></span> <span class='ocrx_word' id='word_1_93' title='bbox 264 1276 426 1354; x_wconf 77' lang='lat' dir='ltr'><strong><em>impetum:</em></strong></span> <span class='ocrx_word' id='word_1_94' title='bbox 445 1286 474 1332; x_wconf 85' lang='lat' dir='ltr'><strong><em>et</em></strong></span> <span class='ocrx_word' id='word_1_95' title='bbox 491 1273 604 1345; x_wconf 82' lang='lat' dir='ltr'><strong><em>bostis,</em></strong></span> <span class='ocrx_word' id='word_1_96' title='bbox 636 1278 714 1355; x_wconf 75' lang='lat' dir='ltr'><strong><em>cujus</em></strong></span> <span class='ocrx_word' id='word_1_97' title='bbox 736 1278 844 1335; x_wconf 86' lang='lat' dir='ltr'><strong><em>animos</em></strong></span> <span class='ocrx_word' id='word_1_98' title='bbox 861 1297 949 1335; x_wconf 88' lang='lat' dir='ltr'><strong><em>cunc·</em></strong></span> 
     </span>
     <span class='ocr_line' id='line_1_16' title="bbox 165 1351 951 1435; baseline 0.003 -22"><span class='ocrx_word' id='word_1_99' title='bbox 165 1357 252 1422; x_wconf 75' lang='lat' dir='ltr'><strong><em>tando</em></strong></span> <span class='ocrx_word' id='word_1_100' title='bbox 265 1356 428 1426; x_wconf 76' lang='lat' dir='ltr'><strong><em>auximus,</em></strong></span> <span class='ocrx_word' id='word_1_101' title='bbox 453 1357 513 1433; x_wconf 78' lang='lat' dir='ltr'><strong><em>jam</em></strong></span> <span class='ocrx_word' id='word_1_102' title='bbox 530 1351 643 1416; x_wconf 75' lang='lat' dir='ltr'><strong><em>minimi</em></strong></span> <span class='ocrx_word' id='word_1_103' title='bbox 655 1354 801 1416; x_wconf 77' lang='lat' dir='ltr'><strong><em>tolerandi</em></strong></span> <span class='ocrx_word' id='word_1_104' title='bbox 818 1355 951 1435; x_wconf 74' lang='lat' dir='ltr'><strong><em>superbil</em></strong></span> 
     </span>
     <span class='ocr_line' id='line_1_17' title="bbox 165 1432 951 1515; baseline 0.005 -23"><span class='ocrx_word' id='word_1_105' title='bbox 165 1432 296 1492; x_wconf 83' lang='lat' dir='ltr'><strong><em>insultat.</em></strong></span> <span class='ocrx_word' id='word_1_106' title='bbox 317 1432 393 1493; x_wconf 79' lang='lat' dir='ltr'><strong><em>Cede</em></strong></span> <span class='ocrx_word' id='word_1_107' title='bbox 412 1455 482 1492; x_wconf 89' lang='lat' dir='ltr'><strong><em>unus</em></strong></span> <span class='ocrx_word' id='word_1_108' title='bbox 500 1439 646 1508; x_wconf 85' lang='lat' dir='ltr'><strong><em>omnibus,</em></strong></span> <span class='ocrx_word' id='word_1_109' title='bbox 673 1448 702 1496; x_wconf 83' lang='lat' dir='ltr'><strong><em>ct</em></strong></span> <span class='ocrx_word' id='word_1_110' title='bbox 715 1448 814 1515; x_wconf 81' lang='lat' dir='ltr'><strong><em>potero</em></strong></span> <span class='ocrx_word' id='word_1_111' title='bbox 831 1447 862 1495; x_wconf 80' lang='lat' dir='ltr'><strong><em>tc</em></strong></span> <span class='ocrx_word' id='word_1_112' title='bbox 877 1438 951 1496; x_wconf 83' lang='lat' dir='ltr'><strong><em>uinci</em></strong></span> 
     </span>
     <span class='ocr_line' id='line_1_18' title="bbox 165 1512 854 1577; baseline 0.003 -3"><span class='ocrx_word' id='word_1_113' title='bbox 165 1512 283 1574; x_wconf 81' lang='lat' dir='ltr'><strong><em>consilio</em></strong></span> <span class='ocrx_word' id='word_1_114' title='bbox 296 1526 328 1573; x_wconf 80' lang='lat' dir='ltr'><strong><em>ut</em></strong></span> <span class='ocrx_word' id='word_1_115' title='bbox 338 1516 473 1574; x_wconf 77' lang='lat' dir='ltr'><strong><em>maturibs</em></strong></span> <span class='ocrx_word' id='word_1_116' title='bbox 483 1513 557 1574; x_wconf 89' lang='lat' dir='ltr'><strong><em>bello</em></strong></span> <span class='ocrx_word' id='word_1_117' title='bbox 572 1519 674 1577; x_wconf 80' lang='lat' dir='ltr'><strong><em>vincas.</em></strong></span> <span class='ocrx_word' id='word_1_118' title='bbox 851 1530 854 1535; x_wconf 87' lang='lat'>&#39;</span> 
     </span>
    </p>

    <p class='ocr_par' dir='ltr' id='par_1_4' title="bbox 43 1592 952 1914">
     <span class='ocr_line' id='line_1_19' title="bbox 56 1592 952 1675; baseline -0.002 -18"><span class='ocrx_word' id='word_1_119' title='bbox 56 1595 155 1645; x_wconf 70' lang='lat' dir='ltr'><strong><em>camilli</em></strong></span> <span class='ocrx_word' id='word_1_120' title='bbox 207 1592 261 1657; x_wconf 85' lang='lat' dir='ltr'><strong><em>VI.</em></strong></span> <span class='ocrx_word' id='word_1_121' title='bbox 284 1593 329 1653; x_wconf 81' lang='lat' dir='ltr'><strong><em>Ad</em></strong></span> <span class='ocrx_word' id='word_1_122' title='bbox 354 1594 576 1667; x_wconf 69' lang='lat' dir='ltr'><strong><em>encomium,</em></strong></span> <span class='ocrx_word' id='word_1_123' title='bbox 612 1596 679 1675; x_wconf 80' lang='lat' dir='ltr'><strong><em>Qua</em></strong></span> <span class='ocrx_word' id='word_1_124' title='bbox 697 1593 772 1654; x_wconf 85' lang='lat' dir='ltr'><strong><em>bello</em></strong></span> <span class='ocrx_word' id='word_1_125' title='bbox 798 1615 848 1654; x_wconf 86' lang='lat' dir='ltr'><strong><em>suo</em></strong></span> <span class='ocrx_word' id='word_1_126' title='bbox 866 1597 952 1655; x_wconf 85' lang='lat' dir='ltr'><strong><em>unius</em></strong></span> 
     </span>
     <span class='ocr_line' id='line_1_20' title="bbox 43 1660 951 1763; baseline 0.003 -31"><span class='ocrx_word' id='word_1_127' title='bbox 43 1660 148 1763; x_wconf 54' lang='lat' dir='ltr'><strong><em>&#39;J’ssd‘m&#39;</em></strong></span> <span class='ocrx_word' id='word_1_128' title='bbox 167 1676 291 1753; x_wconf 80' lang='lat' dir='ltr'><strong><em>ouspicio</em></strong></span> <span class='ocrx_word' id='word_1_129' title='bbox 307 1687 391 1756; x_wconf 78' lang='lat' dir='ltr'><strong><em>gesto</em></strong></span> <span class='ocrx_word' id='word_1_130' title='bbox 410 1679 447 1734; x_wconf 81' lang='lat' dir='ltr'><strong><em>od</em></strong></span> <span class='ocrx_word' id='word_1_131' title='bbox 466 1695 528 1733; x_wconf 87' lang='lat' dir='ltr'><strong><em>eom</em></strong></span> <span class='ocrx_word' id='word_1_132' title='bbox 549 1678 621 1734; x_wconf 81' lang='lat' dir='ltr'><strong><em>diem</em></strong></span> <span class='ocrx_word' id='word_1_133' title='bbox 641 1686 733 1736; x_wconf 76' lang='lat' dir='ltr'><strong><em>essent</em></strong></span> <span class='ocrx_word' id='word_1_134' title='bbox 753 1696 765 1746; x_wconf 88' lang='lat'><em>;</em></span> <span class='ocrx_word' id='word_1_135' title='bbox 796 1691 904 1752; x_wconf 78' lang='lat' dir='ltr'><strong><em>negare</em></strong></span> <span class='ocrx_word' id='word_1_136' title='bbox 920 1678 951 1734; x_wconf 86' lang='lat' dir='ltr'><strong><em>in</em></strong></span> 
     </span>
     <span class='ocr_line' id='line_1_21' title="bbox 87 1749 952 1836; baseline 0.001 -23"><span class='ocrx_word' id='word_1_137' title='bbox 87 1749 94 1763; x_wconf 77' lang='grc'><strong><em>’</em></strong></span> <span class='ocrx_word' id='word_1_138' title='bbox 169 1759 208 1813; x_wconf 89' lang='lat' dir='ltr'><strong><em>eis</em></strong></span> <span class='ocrx_word' id='word_1_139' title='bbox 228 1774 316 1832; x_wconf 81' lang='lat' dir='ltr'><strong><em>neque</em></strong></span> <span class='ocrx_word' id='word_1_140' title='bbox 336 1775 393 1824; x_wconf 89' lang='lat' dir='ltr'><strong><em>se,</em></strong></span> <span class='ocrx_word' id='word_1_141' title='bbox 421 1775 509 1834; x_wconf 78' lang='lat' dir='ltr'><strong><em>neque</em></strong></span> <span class='ocrx_word' id='word_1_142' title='bbox 531 1753 664 1836; x_wconf 75' lang='lat' dir='ltr'><strong><em>populum</em></strong></span> <span class='ocrx_word' id='word_1_143' title='bbox 687 1755 869 1824; x_wconf 80' lang='lat' dir='ltr'><strong><em>Romanum,</em></strong></span> <span class='ocrx_word' id='word_1_144' title='bbox 897 1766 952 1815; x_wconf 79' lang='lat' dir='ltr'><strong><em>out</em></strong></span> 
     </span>
     <span class='ocr_line' id='line_1_22' title="bbox 168 1831 951 1914; baseline 0.004 -23"><span class='ocrx_word' id='word_1_145' title='bbox 168 1831 279 1891; x_wconf 84' lang='lat' dir='ltr'><strong><em>consilii</em></strong></span> <span class='ocrx_word' id='word_1_146' title='bbox 290 1833 355 1904; x_wconf 85' lang='lat' dir='ltr'><strong><em>sui,</em></strong></span> <span class='ocrx_word' id='word_1_147' title='bbox 381 1844 431 1891; x_wconf 86' lang='lat' dir='ltr'><strong><em>out</em></strong></span> <span class='ocrx_word' id='word_1_148' title='bbox 444 1837 570 1904; x_wconf 77' lang='lat' dir='ltr'><strong><em>fortuna</em></strong></span> <span class='ocrx_word' id='word_1_149' title='bbox 588 1835 758 1914; x_wconf 74' lang='lat' dir='ltr'><strong><em>penituisse.</em></strong></span> <span class='ocrx_word' id='word_1_150' title='bbox 773 1832 863 1893; x_wconf 81' lang='lat' dir='ltr'><strong><em>&#39;Nunc</em></strong></span> <span class='ocrx_word' id='word_1_151' title='bbox 878 1836 951 1894; x_wconf 79' lang='lat' dir='ltr'><strong><em>seire</em></strong></span> 
     </span>
    </p>

    <p class='ocr_par' dir='ltr' id='par_1_5' title="bbox 167 1909 950 1994">
     <span class='ocr_line' id='line_1_23' title="bbox 167 1909 950 1994; baseline -0.003 -21"><span class='ocrx_word' id='word_1_152' title='bbox 167 1933 198 1973; x_wconf 84' lang='lat' dir='ltr'><strong><em>se</em></strong></span> <span class='ocrx_word' id='word_1_153' title='bbox 214 1911 355 1989; x_wconf 80' lang='lat' dir='ltr'><strong><em>collegam</em></strong></span> <span class='ocrx_word' id='word_1_154' title='bbox 369 1909 471 1971; x_wconf 83' lang='lat' dir='ltr'><strong><em>babere</em></strong></span> <span class='ocrx_word' id='word_1_155' title='bbox 485 1915 551 1993; x_wconf 75' lang='lat' dir='ltr'><strong><em>jure</em></strong></span> <span class='ocrx_word' id='word_1_156' title='bbox 572 1916 740 1994; x_wconf 81' lang='lat' dir='ltr'><strong><em>imperioque</em></strong></span> <span class='ocrx_word' id='word_1_157' title='bbox 755 1935 878 1993; x_wconf 83' lang='lat' dir='ltr'><strong><em>parom,</em></strong></span> <span class='ocrx_word' id='word_1_158' title='bbox 905 1916 950 1972; x_wconf 83' lang='lat' dir='ltr'><strong><em>oi-</em></strong></span> 
     </span>
    </p>

    <p class='ocr_par' dir='ltr' id='par_1_6' title="bbox 168 1991 953 2076">
     <span class='ocr_line' id='line_1_24' title="bbox 168 1991 953 2076; baseline 0.006 -26"><span class='ocrx_word' id='word_1_159' title='bbox 168 2014 239 2075; x_wconf 80' lang='lat' dir='ltr'><strong><em>gore</em></strong></span> <span class='ocrx_word' id='word_1_160' title='bbox 249 1994 342 2067; x_wconf 78' lang='lat' dir='ltr'><strong><em>atatis</em></strong></span> <span class='ocrx_word' id='word_1_161' title='bbox 350 2004 540 2072; x_wconf 76' lang='lat' dir='ltr'><strong><em>prestantem.</em></strong></span> <span class='ocrx_word' id='word_1_162' title='bbox 556 1991 654 2075; x_wconf 81' lang='lat' dir='ltr'><strong><em>ltaque</em></strong></span> <span class='ocrx_word' id='word_1_163' title='bbox 663 2015 715 2065; x_wconf 86' lang='lat' dir='ltr'><strong><em>ec,</em></strong></span> <span class='ocrx_word' id='word_1_164' title='bbox 736 1998 810 2076; x_wconf 76' lang='lat' dir='ltr'><strong><em>quael</em></strong></span> <span class='ocrx_word' id='word_1_165' title='bbox 819 1996 953 2055; x_wconf 68' lang='lat' dir='ltr'><strong><em>adextr-</em></strong></span> 
     </span>
    </p>

    <p class='ocr_par' dir='ltr' id='par_1_7' title="bbox 167 2075 954 2238">
     <span class='ocr_line' id='line_1_25' title="bbox 167 2075 952 2156; baseline 0 -23"><span class='ocrx_word' id='word_1_166' title='bbox 167 2076 253 2133; x_wconf 74' lang='lat' dir='ltr'><strong><em>citum</em></strong></span> <span class='ocrx_word' id='word_1_167' title='bbox 283 2075 432 2143; x_wconf 81' lang='lat' dir='ltr'><strong><em>attineat,</em></strong></span> <span class='ocrx_word' id='word_1_168' title='bbox 465 2094 565 2156; x_wconf 86' lang='lat' dir='ltr'><strong><em>regere</em></strong></span> <span class='ocrx_word' id='word_1_169' title='bbox 587 2096 730 2135; x_wconf 72' lang='lat' dir='ltr'><strong><em>consuesse</em></strong></span> <span class='ocrx_word' id='word_1_170' title='bbox 757 2117 766 2148; x_wconf 92' lang='lat'>‚</span> <span class='ocrx_word' id='word_1_171' title='bbox 799 2096 851 2134; x_wconf 91' lang='lat' dir='ltr'><strong><em>non</em></strong></span> <span class='ocrx_word' id='word_1_172' title='bbox 877 2075 952 2151; x_wconf 82' lang='lat' dir='ltr'><strong><em>regi.</em></strong></span> 
     </span>
     <span class='ocr_line' id='line_1_26' title="bbox 170 2151 954 2238; baseline -0.003 -25"><span class='ocrx_word' id='word_1_173' title='bbox 170 2151 298 2232; x_wconf 76' lang='lat' dir='ltr'><strong><em>Collega</em></strong></span> <span class='ocrx_word' id='word_1_174' title='bbox 320 2155 464 2232; x_wconf 79' lang='lat' dir='ltr'><strong><em>imperium</em></strong></span> <span class='ocrx_word' id='word_1_175' title='bbox 490 2175 520 2215; x_wconf 89' lang='lat' dir='ltr'><strong><em>se</em></strong></span> <span class='ocrx_word' id='word_1_176' title='bbox 541 2179 594 2217; x_wconf 87' lang='lat' dir='ltr'><strong><em>non</em></strong></span> <span class='ocrx_word' id='word_1_177' title='bbox 609 2176 690 2238; x_wconf 80' lang='lat' dir='ltr'><strong><em>posse</em></strong></span> <span class='ocrx_word' id='word_1_178' title='bbox 713 2156 855 2235; x_wconf 80' lang='lat' dir='ltr'><strong><em>impedire.</em></strong></span> <span class='ocrx_word' id='word_1_179' title='bbox 884 2152 954 2213; x_wconf 80' lang='lat' dir='ltr'><strong><em>Diis</em></strong></span> 
     </span>
    </p>

    <p class='ocr_par' dir='ltr' id='par_1_8' title="bbox 163 2231 954 2320">
     <span class='ocr_line' id='line_1_27' title="bbox 163 2231 954 2320; baseline 0.004 -31"><span class='ocrx_word' id='word_1_180' title='bbox 163 2231 236 2294; x_wconf 73' lang='lat' dir='ltr'><strong><em>‚bene&#39;</em></strong></span> <span class='ocrx_word' id='word_1_181' title='bbox 255 2233 414 2306; x_wconf 69' lang='lat' dir='ltr'><strong><em>juvantibus</em></strong></span> <span class='ocrx_word' id='word_1_182' title='bbox 428 2238 550 2312; x_wconf 83' lang='lat' dir='ltr'><strong><em>ageret,</em></strong></span> <span class='ocrx_word' id='word_1_183' title='bbox 575 2241 648 2320; x_wconf 78' lang='lat' dir='ltr'><strong><em>quod</em></strong></span> <span class='ocrx_word' id='word_1_184' title='bbox 673 2234 687 2297; x_wconf 68' lang='lat' dir='ltr'><strong><em>e*</em></strong></span> <span class='ocrx_word' id='word_1_185' title='bbox 708 2233 848 2315; x_wconf 77' lang='lat' dir='ltr'><strong><em>republici</em></strong></span> <span class='ocrx_word' id='word_1_186' title='bbox 867 2237 954 2292; x_wconf 77' lang='lat' dir='ltr'><strong><em>duce·</em></strong></span> 
     </span>
    </p>

    <p class='ocr_par' dir='ltr' id='par_1_9' title="bbox 168 2306 955 2391">
     <span class='ocr_line' id='line_1_28' title="bbox 168 2306 955 2391; baseline -0.003 -17"><span class='ocrx_word' id='word_1_187' title='bbox 168 2328 221 2374; x_wconf 85' lang='lat' dir='ltr'><strong><em>ret.</em></strong></span> <span class='ocrx_word' id='word_1_188' title='bbox 244 2306 341 2373; x_wconf 76' lang='lat' dir='ltr'><strong><em>AEtan·</em></strong></span> <span class='ocrx_word' id='word_1_189' title='bbox 362 2335 464 2372; x_wconf 80' lang='lat' dir='ltr'><strong><em>suase</em></strong></span> <span class='ocrx_word' id='word_1_190' title='bbox 486 2322 592 2375; x_wconf 83' lang='lat' dir='ltr'><strong><em>ueniam</em></strong></span> <span class='ocrx_word' id='word_1_191' title='bbox 614 2319 701 2375; x_wconf 82' lang='lat' dir='ltr'><strong><em>etiam</em></strong></span> <span class='ocrx_word' id='word_1_192' title='bbox 719 2325 841 2391; x_wconf 74' lang='lat' dir='ltr'><strong><em>peiere,</em></strong></span> <span class='ocrx_word' id='word_1_193' title='bbox 861 2311 897 2371; x_wconf 76' lang='lat' dir='ltr'><strong><em>nb</em></strong></span> <span class='ocrx_word' id='word_1_194' title='bbox 922 2313 955 2372; x_wconf 78' lang='lat' dir='ltr'><strong><em>in</em></strong></span> 
     </span>
    </p>

    <p class='ocr_par' dir='ltr' id='par_1_10' title="bbox 163 2387 958 2475">
     <span class='ocr_line' id='line_1_29' title="bbox 163 2387 958 2475; baseline -0.004 -23"><span class='ocrx_word' id='word_1_195' title='bbox 163 2392 256 2475; x_wconf 75' lang='lat' dir='ltr'><strong><em>primi</em></strong></span> <span class='ocrx_word' id='word_1_196' title='bbox 273 2394 334 2450; x_wconf 83' lang='lat' dir='ltr'><strong><em>acio</em></strong></span> <span class='ocrx_word' id='word_1_197' title='bbox 348 2401 432 2450; x_wconf 81' lang='lat' dir='ltr'><strong><em>esset.</em></strong></span> <span class='ocrx_word' id='word_1_198' title='bbox 453 2391 523 2468; x_wconf 78' lang='lat' dir='ltr'><strong><em>Qua</em></strong></span> <span class='ocrx_word' id='word_1_199' title='bbox 540 2397 615 2450; x_wconf 86' lang='lat' dir='ltr'><strong><em>senis</em></strong></span> <span class='ocrx_word' id='word_1_200' title='bbox 628 2393 721 2449; x_wconf 88' lang='lat' dir='ltr'><strong><em>munio</em></strong></span> <span class='ocrx_word' id='word_1_201' title='bbox 736 2392 765 2446; x_wconf 91' lang='lat' dir='ltr'><strong><em>in</em></strong></span> <span class='ocrx_word' id='word_1_202' title='bbox 779 2387 853 2447; x_wconf 87' lang='lat' dir='ltr'><strong><em>bello</em></strong></span> <span class='ocrx_word' id='word_1_203' title='bbox 866 2391 958 2464; x_wconf 52' lang='lat' dir='ltr'><strong><em>sinu,</em></strong></span> 
     </span>
    </p>

    <p class='ocr_par' dir='ltr' id='par_1_11' title="bbox 167 2465 954 2549">
     <span class='ocr_line' id='line_1_30' title="bbox 167 2465 954 2549; baseline -0.003 -18"><span class='ocrx_word' id='word_1_204' title='bbox 167 2476 204 2533; x_wconf 87' lang='lat' dir='ltr'><strong><em>iis</em></strong></span> <span class='ocrx_word' id='word_1_205' title='bbox 218 2492 249 2530; x_wconf 86' lang='lat' dir='ltr'><strong><em>se</em></strong></span> <span class='ocrx_word' id='word_1_206' title='bbox 259 2492 312 2529; x_wconf 89' lang='lat' dir='ltr'><strong><em>non</em></strong></span> <span class='ocrx_word' id='word_1_207' title='bbox 327 2473 497 2539; x_wconf 81' lang='lat' dir='ltr'><strong><em>defuturum.</em></strong></span> <span class='ocrx_word' id='word_1_208' title='bbox 512 2466 546 2526; x_wconf 78' lang='lat' dir='ltr'><strong><em>ll</em></strong></span> <span class='ocrx_word' id='word_1_209' title='bbox 567 2469 652 2529; x_wconf 74' lang='lat' dir='ltr'><strong><em>cidiis</em></strong></span> <span class='ocrx_word' id='word_1_210' title='bbox 667 2465 874 2528; x_wconf 77' lang='lat' dir='ltr'><strong><em>immortalibus</em></strong></span> <span class='ocrx_word' id='word_1_211' title='bbox 883 2490 954 2549; x_wconf 78' lang='lat' dir='ltr'><strong><em>pre·</em></strong></span> 
     </span>
    </p>

    <p class='ocr_par' dir='ltr' id='par_1_12' title="bbox 114 2548 954 2706">
     <span class='ocr_line' id='line_1_31' title="bbox 114 2548 951 2631; baseline -0.001 -21"><span class='ocrx_word' id='word_1_212' title='bbox 114 2598 117 2603; x_wconf 93' lang='lat'>.</span> <span class='ocrx_word' id='word_1_213' title='bbox 167 2554 256 2621; x_wconf 86' lang='lat' dir='ltr'><strong><em>cori,</em></strong></span> <span class='ocrx_word' id='word_1_214' title='bbox 289 2551 393 2631; x_wconf 71' lang='lat' dir='ltr'><strong><em>ne&#39;qui</em></strong></span> <span class='ocrx_word' id='word_1_215' title='bbox 421 2568 502 2608; x_wconf 88' lang='lat' dir='ltr'><strong><em>casus</em></strong></span> <span class='ocrx_word' id='word_1_216' title='bbox 524 2570 604 2609; x_wconf 89' lang='lat' dir='ltr'><strong><em>suum</em></strong></span> <span class='ocrx_word' id='word_1_217' title='bbox 630 2548 777 2610; x_wconf 86' lang='lat' dir='ltr'><strong><em>consilium</em></strong></span> <span class='ocrx_word' id='word_1_218' title='bbox 807 2548 951 2609; x_wconf 81' lang='lat' dir='ltr'><strong><em>laudabile</em></strong></span> 
     </span>
     <span class='ocr_line' id='line_1_32' title="bbox 167 2628 954 2706; baseline -0.003 -16"><span class='ocrx_word' id='word_1_219' title='bbox 167 2631 279 2706; x_wconf 82' lang='lat' dir='ltr'><strong><em>efficior.</em></strong></span> <span class='ocrx_word' id='word_1_220' title='bbox 300 2632 365 2690; x_wconf 80' lang='lat' dir='ltr'><strong><em>Nec</em></strong></span> <span class='ocrx_word' id='word_1_221' title='bbox 381 2628 417 2687; x_wconf 78' lang='lat' dir='ltr'><strong><em>ab</em></strong></span> <span class='ocrx_word' id='word_1_222' title='bbox 437 2628 604 2699; x_wconf 83' lang='lat' dir='ltr'><strong><em>bominibus</em></strong></span> <span class='ocrx_word' id='word_1_223' title='bbox 625 2631 762 2692; x_wconf 71' lang='lat' dir='ltr'><strong><em>salutaris</em></strong></span> <span class='ocrx_word' id='word_1_224' title='bbox 777 2630 954 2702; x_wconf 78' lang='lat' dir='ltr'><strong><em>sententia,</em></strong></span> 
     </span>
    </p>

    <p class='ocr_par' dir='ltr' id='par_1_13' title="bbox 168 2709 958 2943">
     <span class='ocr_line' id='line_1_33' title="bbox 168 2709 953 2790; baseline -0.001 -23"><span class='ocrx_word' id='word_1_225' title='bbox 168 2728 222 2768; x_wconf 83' lang='lat' dir='ltr'><strong><em>uec</em></strong></span> <span class='ocrx_word' id='word_1_226' title='bbox 234 2709 270 2767; x_wconf 82' lang='lat' dir='ltr'><strong><em>ab</em></strong></span> <span class='ocrx_word' id='word_1_227' title='bbox 280 2709 339 2768; x_wconf 87' lang='lat' dir='ltr'><strong><em>diis</em></strong></span> <span class='ocrx_word' id='word_1_228' title='bbox 353 2720 412 2766; x_wconf 81' lang='lat' dir='ltr'><strong><em>ium</em></strong></span> <span class='ocrx_word' id='word_1_229' title='bbox 426 2711 482 2784; x_wconf 84' lang='lat' dir='ltr'><strong><em>piae</em></strong></span> <span class='ocrx_word' id='word_1_230' title='bbox 491 2730 594 2790; x_wconf 77' lang='lat' dir='ltr'><strong><em>preces</em></strong></span> <span class='ocrx_word' id='word_1_231' title='bbox 603 2711 715 2771; x_wconf 81' lang='lat' dir='ltr'><strong><em>uuditae</em></strong></span> <span class='ocrx_word' id='word_1_232' title='bbox 728 2719 805 2768; x_wconf 86' lang='lat' dir='ltr'><strong><em>sont.</em></strong></span> <span class='ocrx_word' id='word_1_233' title='bbox 819 2710 953 2766; x_wconf 80' lang='lat' dir='ltr'><strong><em>Primam</em></strong></span> 
     </span>
     <span class='ocr_line' id='line_1_34' title="bbox 169 2785 955 2862; baseline -0.001 -15"><span class='ocrx_word' id='word_1_234' title='bbox 169 2788 264 2847; x_wconf 84' lang='lat' dir='ltr'><strong><em>aciem</em></strong></span> <span class='ocrx_word' id='word_1_235' title='bbox 280 2798 363 2848; x_wconf 80' lang='lat' dir='ltr'><strong><em>autor</em></strong></span> <span class='ocrx_word' id='word_1_236' title='bbox 400 2805 483 2862; x_wconf 78' lang='lat' dir='ltr'><strong><em>ugnae</em></strong></span> <span class='ocrx_word' id='word_1_237' title='bbox 494 2793 638 2850; x_wconf 87' lang='lat' dir='ltr'><strong><em>instruit:</em></strong></span> <span class='ocrx_word' id='word_1_238' title='bbox 662 2785 790 2849; x_wconf 79' lang='lat' dir='ltr'><strong><em>subsidia</em></strong></span> <span class='ocrx_word' id='word_1_239' title='bbox 806 2785 955 2846; x_wconf 76' lang='lat' dir='ltr'><strong><em>Camillus</em></strong></span> 
     </span>
     <span class='ocr_line' id='line_1_35' title="bbox 168 2862 958 2943; baseline -0.015 -16"><span class='ocrx_word' id='word_1_240' title='bbox 168 2866 286 2940; x_wconf 77' lang='lat' dir='ltr'><strong><em>firmat,</em></strong></span> <span class='ocrx_word' id='word_1_241' title='bbox 308 2866 364 2925; x_wconf 83' lang='lat' dir='ltr'><strong><em>vali</em></strong></span> <span class='ocrx_word' id='word_1_242' title='bbox 386 2884 491 2942; x_wconf 83' lang='lat' dir='ltr'><strong><em>amque</em></strong></span> <span class='ocrx_word' id='word_1_243' title='bbox 506 2868 660 2928; x_wconf 70' lang='lat' dir='ltr'><strong><em>stationem</em></strong></span> <span class='ocrx_word' id='word_1_244' title='bbox 678 2883 732 2943; x_wconf 85' lang='lat' dir='ltr'><strong><em>pro</em></strong></span> <span class='ocrx_word' id='word_1_245' title='bbox 743 2862 847 2923; x_wconf 76' lang='lat' dir='ltr'><strong><em>castris</em></strong></span> <span class='ocrx_word' id='word_1_246' title='bbox 857 2879 958 2942; x_wconf 76' lang='lat' dir='ltr'><strong><em>appo.</em></strong></span> 
     </span>
    </p>

    <p class='ocr_par' dir='ltr' id='par_1_14' title="bbox 169 2943 955 3027">
     <span class='ocr_line' id='line_1_36' title="bbox 169 2943 955 3027; baseline -0.006 -21"><span class='ocrx_word' id='word_1_247' title='bbox 169 2948 224 3007; x_wconf 80' lang='lat' dir='ltr'><strong><em>nit.</em></strong></span> <span class='ocrx_word' id='word_1_248' title='bbox 253 2945 339 3027; x_wconf 79' lang='lat' dir='ltr'><strong><em>lpse,</em></strong></span> <span class='ocrx_word' id='word_1_249' title='bbox 370 2943 452 3002; x_wconf 78' lang='lat' dir='ltr'><strong><em>edito</em></strong></span> <span class='ocrx_word' id='word_1_250' title='bbox 472 2945 565 3017; x_wconf 79' lang='lat' dir='ltr'><strong><em>loco,</em></strong></span> <span class='ocrx_word' id='word_1_251' title='bbox 598 2953 748 3022; x_wconf 65' lang='lat' dir='ltr'><strong><em>spectator</em></strong></span> <span class='ocrx_word' id='word_1_252' title='bbox 768 2943 955 3007; x_wconf 79' lang='lat' dir='ltr'><strong><em>inionius‘in</em></strong></span> 
     </span>
    </p>

    <p class='ocr_par' dir='ltr' id='par_1_15' title="bbox 169 3022 822 3093">
     <span class='ocr_line' id='line_1_37' title="bbox 169 3022 822 3093; baseline -0.015 -4"><span class='ocrx_word' id='word_1_253' title='bbox 169 3038 306 3091; x_wconf 68' lang='lat' dir='ltr'><strong><em>eventum</em></strong></span> <span class='ocrx_word' id='word_1_254' title='bbox 318 3023 406 3083; x_wconf 78' lang='lat' dir='ltr'><strong><em>alieni</em></strong></span> <span class='ocrx_word' id='word_1_255' title='bbox 423 3023 560 3092; x_wconf 82' lang='lat' dir='ltr'><strong><em>consilii,</em></strong></span> <span class='ocrx_word' id='word_1_256' title='bbox 584 3022 726 3082; x_wconf 69' lang='lat' dir='ltr'><strong><em>constitit.</em></strong></span> <span class='ocrx_word' id='word_1_257' title='bbox 817 3075 822 3093; x_wconf 81' lang='grc'><strong><em>,</em></strong></span> 
     </span>
    </p>

    <p class='ocr_par' dir='ltr' id='par_1_16' title="bbox 38 3100 978 3263">
     <span class='ocr_line' id='line_1_38' title="bbox 72 3100 956 3183; baseline -0.012 -14"><span class='ocrx_word' id='word_1_258' title='bbox 72 3100 182 3177; x_wconf 63' lang='lat' dir='ltr'><strong><em>Primo·</em></strong></span> <span class='ocrx_word' id='word_1_259' title='bbox 209 3106 278 3174; x_wconf 79' lang='lat' dir='ltr'><strong><em>vil.</em></strong></span> <span class='ocrx_word' id='word_1_260' title='bbox 296 3103 391 3166; x_wconf 86' lang='lat' dir='ltr'><strong><em>Simul</em></strong></span> <span class='ocrx_word' id='word_1_261' title='bbox 414 3102 669 3181; x_wconf 84' lang='lat' dir='ltr'><strong><em>primo&#39;concursu</em></strong></span> <span class='ocrx_word' id='word_1_262' title='bbox 688 3104 885 3183; x_wconf 67' lang='lat' dir='ltr'><strong><em>concrepuere</em></strong></span> <span class='ocrx_word' id='word_1_263' title='bbox 909 3121 956 3161; x_wconf 83' lang='lat' dir='ltr'><strong><em>ar.</em></strong></span> 
     </span>
     <span class='ocr_line' id='line_1_39' title="bbox 38 3167 978 3263; baseline -0.003 -19"><span class='ocrx_word' id='word_1_264' title='bbox 38 3167 156 3216; x_wconf 58' lang='lat' dir='ltr'><strong><em>“mm</em></strong></span> <span class='ocrx_word' id='word_1_265' title='bbox 170 3211 244 3261; x_wconf 83' lang='lat' dir='ltr'><strong><em>ma,</em></strong></span> <span class='ocrx_word' id='word_1_266' title='bbox 274 3188 368 3249; x_wconf 69' lang='lat' dir='ltr'><strong><em>hostis</em></strong></span> <span class='ocrx_word' id='word_1_267' title='bbox 384 3181 455 3241; x_wconf 86' lang='lat' dir='ltr'><strong><em>doio</em></strong></span> <span class='ocrx_word' id='word_1_268' title='bbox 475 3228 483 3256; x_wconf 89' lang='lat'>,</span> <span class='ocrx_word' id='word_1_269' title='bbox 507 3204 565 3243; x_wconf 86' lang='lat' dir='ltr'><strong><em>non</em></strong></span> <span class='ocrx_word' id='word_1_270' title='bbox 584 3195 664 3243; x_wconf 75' lang='lat' dir='ltr'><strong><em>melu</em></strong></span> <span class='ocrx_word' id='word_1_271' title='bbox 685 3228 695 3257; x_wconf 88' lang='lat'>‚</span> <span class='ocrx_word' id='word_1_272' title='bbox 720 3184 823 3263; x_wconf 82' lang='lat' dir='ltr'><strong><em>pedem</em></strong></span> <span class='ocrx_word' id='word_1_273' title='bbox 843 3183 978 3245; x_wconf 60' lang='lat' dir='ltr'><strong><em>rotulit·</em></strong></span> 
     </span>
    </p>
   </div>
   <div class='ocr_carea' id='block_1_3' title="bbox 33 3230 957 3344">
    <p class='ocr_par' dir='ltr' id='par_1_17' title="bbox 33 3230 957 3344">
     <span class='ocr_line' id='line_1_40' title="bbox 33 3230 957 3344; baseline -0.008 -13"><span class='ocrx_word' id='word_1_274' title='bbox 33 3230 139 3331; x_wconf 42' lang='lat' dir='ltr'><strong><em>iiis*</em></strong></span> <span class='ocrx_word' id='word_1_275' title='bbox 171 3270 261 3332; x_wconf 82' lang='lat' dir='ltr'><strong><em>Lenis</em></strong></span> <span class='ocrx_word' id='word_1_276' title='bbox 278 3268 316 3332; x_wconf 80' lang='lat' dir='ltr'><strong><em>ab</em></strong></span> <span class='ocrx_word' id='word_1_277' title='bbox 328 3277 412 3344; x_wconf 83' lang='lat' dir='ltr'><strong><em>tergo</em></strong></span> <span class='ocrx_word' id='word_1_278' title='bbox 423 3265 519 3327; x_wconf 80' lang='lat' dir='ltr'><strong><em>clivus</em></strong></span> <span class='ocrx_word' id='word_1_279' title='bbox 534 3279 597 3328; x_wconf 77' lang='lat' dir='ltr'><strong><em>erui</em></strong></span> <span class='ocrx_word' id='word_1_280' title='bbox 609 3266 687 3327; x_wconf 77' lang='lat' dir='ltr'><strong><em>inter</em></strong></span> <span class='ocrx_word' id='word_1_281' title='bbox 699 3266 792 3328; x_wconf 77' lang='lat' dir='ltr'><strong><em>aciem</em></strong></span> <span class='ocrx_word' id='word_1_282' title='bbox 803 3272 957 3329; x_wconf 73' lang='lat' dir='ltr'><strong><em>sicusim:</em></strong></span> 
     </span>
    </p>
   </div>
   <div class='ocr_carea' id='block_1_4' title="bbox 0 0 1021 3780">
    <p class='ocr_par' dir='ltr' id='par_1_18' title="bbox 0 0 1021 3780">
     <span class='ocr_line' id='line_1_41' title="bbox 0 0 1021 3780; baseline 0 0"><span class='ocrx_word' id='word_1_283' title='bbox 0 0 1021 3780; x_wconf 95' lang='lat' dir='ltr'><strong><em> </em></strong></span> 
     </span>
    </p>
   </div>
  </div>
 </body>
</html>
