2016 3780
184 143 457 212 Niinmo
503 140 713 213 XXXIV.
774 149 842 224 203

55 245 202 318 intense,
218 243 396 306 cedentibus
417 242 558 305 eritremis
577 246 613 306 ab
632 247 726 326 aquit,
746 249 841 328 trepi-

54 326 202 387 dationem
223 325 403 402 aliquanttim
424 325 550 386 edebant
562 351 572 399 ς
597 327 691 386 donec
730 327 842 386 uietem

55 408 124 486 ipse
141 407 229 464 timor
252 405 563 484 circumspicientibus
576 425 693 501 ¹aquam
709 344 843 465 iecisset.

55 485 202 547 Excidere
214 484 303 546 etiam
316 485 467 546 sevientes
481 484 600 565 quidam
612 484 772 545 indumen.
786 483 843 546 Sed

56 565 189 648 pondere
200 567 209 625 i
235 585 268 625 so
279 565 399 635 stabiles
410 608 419 637 ,
432 564 559 645 dejectis
571 567 735 627 rectoribus
747 611 756 639 ‚
768 585 843 646 quae·

55 645 155 708 nentis
168 586 349 728 pedetentim
362 643 459 718 vadis,
477 648 508 704 in
523 655 628 733 terram
643 646 771 708 evandre.

96 736 181 800 Vlll.
203 736 290 801 'lbttn
312 735 465 819 elephanti
491 739 700 832 trajiciuntur,
721 736 840 799 interim
857 745 965 819 Equester

54 816 181 878 Annibal
197 817 342 878 Numidas
357 818 473 896 equites
496 830 672 898 quingentos
690 817 727 878 ad
748 810 962 916 castratffl‘pp‘

55 896 187 965 Romana
212 899 335 959 miserat
360 900 565 978 speculatum,
592 899 642 958 ubi
669 909 699 958 et
729 909 842 977 quanta
853 881 931 973 iiiia
947 882 965 914 '¹'

54 977 155 1058 copiae
170 989 286 1051 essent,
307 989 338 1039 et
356 977 427 1056 quid
441 990 587 1058 pararent.
605 979 682 1041 Huic
693 976 744 1039 alae
755 978 841 1060 equi·
855 995 899 1041 500
916 1020 923 1043 ,
947 999 965 1031 ⁶¹

54 1069 119 1126 tum
134 1057 238 1132 missi,
256 1068 288 1117 ut
306 1059 376 1119 ante
396 1058 588 1133 dictumest,
609 1060 645 1120 ab
660 1060 739 1120 ostio
760 1058 842 1119 Rho·
854 1045 960 1099 ΚΜ·

40 1136 126 1199 dani
158 1139 285 1200 trecenti
312 1137 511 1200 Romanorum
534 1142 649 1220 equites
672 1120 909 1201 occurrunt.'³⁰⁰'

54 1217 191 1281 Praelium
218 1219 349 1279 atrocius
375 1220 463 1299 quim
482 1241 539 1302 pro
559 1240 682 1280 numero
708 1239 844 1302 pugnan-

55 1300 132 1360 tium
144 1298 248 1358 editur.
266 1300 344 1360 Nam
358 1311 472 1379 prester
483 1301 573 1360 multa
586 1301 726 1373 vulnera,
750 1300 842 1361 caedes

55 1381 146 1440 etiam
185 1380 257 1458 rope
270 1399 324 1458 par
333 1379 471 1457 utrinque
485 1380 557 1453 fuit:
572 1380 699 1460 fugaque
710 1391 739 1438 et
752 1399 843 1461 pavor

55 1399 260 1529 Numiddrumf
271 1458 413 1517 Romanis
434 1462 494 1539 jam
506 1460 671 1522 ,admodum
686 1460 771 1521 fessis
784 1463 844 1520 vic·

56 1540 168 1600 teriam
191 1535 284 1597 dedit.
308 1539 450 1601 Victores
473 1539 646 1607 adrentum
667 1543 842 1618 sexaginta,

56 1639 113 1681 nec
128 1617 377 1678 omnessRomani
394 1663 403 1690 ,
421 1617 471 1678 sed
485 1638 555 1700 pars
573 1618 749 1691 Gallorum3
771 1620 843 1680 victi

57 1697 187 1778 emplibs
208 1696 343 1759 ducentis
365 1699 547 1781 ceciderunt.
573 1699 638 1761 Hoc
660 1701 845 1782 principium

57 1777 205 1858 simulque
225 1790 312 1840 omen
331 1778 430 1855 belli,
452 1791 484 1840 ut
505 1798 632 1842 summoe
646 1786 744 1841 rerum
759 1800 844 1860 pros-

56 1878 161 1945 perum
183 1873 343 1932 eventum,
373 1859 416 1921 itt
440 1856 516 1922 ha'ud
539 1863 608 1921 send
632 1862 846 1932 incruentam

57 1942 255 2023 ancipitisque
269 1942 438 2003 certaminis
448 1943 605 2003 victoriam
617 1943 758 2007 Romanis
773 1955 844 2026 pot·

54 2021 163 2159 teqdit.
187 2022 230 2080 Re
247 2021 406 2100 ingesta,
429 2021 463 2082 ad
485 2035 641 2103 utrumque
664 2023 769 2085 ducem
796 2023 843 2082 sui

58 2121 93 2160 re
117 2110 221 2159 rerunt.

100 2191 156 2252 tx.
186 2191 250 2250 Nec
273 2190 408 2269 Scipioni
429 2201 506 2261 stare
532 2191 677 2254 sententie
701 2203 844 2275 poterat,

59 2272 119 2333 nisi
134 2282 165 2330 ut
179 2291 218 2329 ex
235 2269 369 2330 consiliis
385 2273 549 2351 coeptisque
569 2272 663 2335 bostis
677 2276 784 2354 etipse
797 2291 845 2331 co-

59 2364 142 2413 natus
159 2361 281 2434 caperet
303 2373 308 2410 :
327 2359 358 2410 et
375 2349 549 2413 Annibalem
563 2354 729 2426 incertum,
744 2352 845 2412 utrbm

6 2443 10 2449 '
60 2444 192 2513 coeptum
221 2432 251 2488 in
278 2430 393 2492 ltaliam
415 2432 580 2492 intenderet
606 2435 689 2507 iter,
715 2453 751 2493 an
776 2452 845 2492 cum

60 2533 120 2584 eo,
146 2514 197 2590 qui
216 2512 327 2591 primus
344 2532 375 2573 se
390 2512 544 2573 obtulisset
562 2512 710 2574 Romanus
728 2514 847 2583 exerci-

61 2602 128 2663 tus,
150 2610 250 2650 manus
263 2603 455 2664 consereret,
474 2593 581 2652 avertit
594 2592 611 2652 a
626 2593 762 2674 presenti
779 2612 846 2653 cer-

60 2673 173 2738 tamine
185 2671 326 2732 Boiorum
337 2672 508 2750 legatorum
519 2672 673 2753 regulique
684 2673 846 2747 adventus,

60 2753 110 2832 qui
139 2771 170 2811 se
193 2751 285 2810 duces
311 2751 473 2826 itinerum,
503 2754 600 2815 socios
623 2754 752 2834 periculi
780 2755 846 2814 fore

60 2831 257 2906 affirmantes,
273 2832 391 2910 integro
406 2832 505 2904 bello,
530 2853 671 2915 nusquam
689 2837 756 2896 ante
772 2835 847 2896 titia,

62 2913 244 2992 fientibus,
263 2911 379 3003 ltaliam
397 2912 623 2994 aggrediendam
636 2928 767 2978 censent.
