2016 3780
209 94 499 165 Nan-narro
547 90 719 162 XLVI.
795 99 858 169 125

71 199 209 280 accipere
220 199 322 259 annuit
338 218 344 256 :
358 195 506 256 firmandae
521 197 583 273 ejus
595 193 686 254 fidem
701 215 754 255 nec
767 193 860 269 dare,

71 300 127 339 nec
142 282 302 359 accipere,
329 278 387 336 nisi
403 297 470 336 curn
487 277 554 355 ipso
576 295 680 334 coram
704 275 777 335 duce
799 275 861 349 Ro-

71 379 168 418 manc.
182 360 225 419 Ita
238 360 362 431 Laelius,
378 359 410 415 in
421 357 454 416 id
465 355 554 419 modo
563 353 620 413 fide
630 356 665 414 ab
675 375 745 434 rege
756 373 863 448 accop-

72 440 119 511 tsi,
137 451 233 498 tutum
246 438 402 513 adventum
416 436 480 496 fore
494 481 502 509 ‚
525 435 559 494 ad
573 436 746 514 Scipionem
759 434 860 498 rediit.

70 513 73 517 ’
111 518 165 579 ΙΙΙ.
189 519 328 596 Magnum
348 519 380 576 in
404 518 501 576 omnia
529 526 711 574 momentum
737 515 860 596 Syphax

70 597 223 658 affectanti
240 617 286 658 res
303 594 409 658 Africae
422 608 510 668 erat,
540 595 782 674 opulentissimus
794 598 859 674 ejus

68 684 159 738 terrae
172 699 248 751 rex,
274 677 356 737 bello
371 680 431 756 jam
447 686 587 756 expertus
603 678 685 756 ipsos
699 674 859 752 Carthagi·

66 760 204 832 nienses,
222 757 330 817 finibus
343 757 433 816 etiam
445 758 528 835 regni
541 757 608 837 apte
625 756 659 815 ad
671 755 858 837 Hispaniam,

67 838 147 915 quod
160 839 236 897 freto
247 840 360 916 exiguo
369 836 570 909 dirimuntur,
591 836 707 917 positis.
725 836 858 914 Dignam

67 918 168 997 itaque
187 938 250 976 rem
265 919 367 997 Scipio
381 931 486 989 ratus,
516 934 586 996 quae
607 961 616 990 ,
636 918 776 994 quoniam
796 934 858 975 non

67 997 155 1056 aliter
171 1007 294 1076 posset,
312 1017 419 1074 magno
434 995 569 1078 periculo
582 1008 758 1075 peteretur,
785 995 858 1054 doa-

67 1076 123 1137 bus
141 1078 402 1156 quinqueremibus
413 1079 450 1138 ab
463 1076 644 1155 Carthagine
656 1075 810 1157 profectus
822 1077 856 1134 in

66 1156 200 1219 Africam
219 1160 343 1238 trajecit.

108 1248 160 1311 IV.
188 1247 276 1308 Forte
296 1249 339 1308 ita
359 1247 489 1322 incidit,
518 1259 603 1308 uteo
627 1249 694 1330 ipso
718 1256 896 1329 temporem
910 1255 982 1317 Afris

65 1327 210 1387 Asdrubal
235 1329 337 1407 pulsus
367 1330 512 1408 Hispania
538 1342 652 1406 septem
683 1328 853 1389 triremibus
864 1333 915 1403 ‘3¹3²
929 1330 981 1367 ’Μ’

64 1420 186 1488 portum
199 1410 356 1479 invectus,
373 1411 489 1468 ancoris
506 1410 613 1488 positis
628 1420 710 1469 terrae
722 1392 927 1489 applica-³¹⁶¹‘·

64 1498 111 1546 ret
128 1508 215 1548 naves
233 1513 244 1562 3
273 1488 340 1548 etim
357 1490 419 1564 (2)
441 1498 608 1566 conspectae
625 1485 690 1549 duae
705 1491 854 1568 quinque-

63 1587 162 1628 remes
185 1611 194 1640 ,
224 1568 301 1626 haud
324 1568 462 1645 cuiquam
479 1568 600 1642 dubio,
631 1568 703 1648 quin
722 1568 853 1629 hostiurn

61 1659 178 1721 essent,
194 1648 386 1727 opprimique
399 1645 416 1705 ὲ
429 1646 580 1728 pluribus,
594 1647 768 1728 priusquam
780 1668 852 1731 por-

62 1737 125 1788 tum
146 1731 311 1800 intrarent,
358 1739 480 1808 essent,
506 1727 583 1787 nihil
599 1727 681 1787 aliud
701 1728 853 1807 quamtu-⁴

61 1810 188 1867 multum
200 1828 234 1868 ac
248 1748 476 1888 trepiiationem
492 1808 581 1868 simul
593 1808 722 1868 militurn
735 1829 767 1868 ac
776 1830 850 1869 nau-

62 1896 176 1959 tarum,
189 1891 384 1966 nequicquam
398 1908 537 1966 armaque
551 1900 581 1946 et
591 1908 677 1946 naves
687 1888 850 1968 expedien-

61 1965 137 2024 tium
152 2010 162 2039 ‚
189 1966 332 2026 fecerunt.
351 1968 491 2028 Percussa
504 1969 583 2026 enim
599 1968 647 2042 (3)
660 1969 767 2027 exalto
782 1970 849 2028 vela

60 2046 152 2126 paulo
167 2046 273 2105 acriori
285 2059 372 2105 vento
385 2091 393 2118 ,
416 2048 499 2127 priris
510 2049 543 2105 in
554 2057 671 2127 portum
682 2048 849 2108 intulerunt

59 2128 309 2204 quinqueremes,
325 2127 412 2204 quant
422 2127 505 2186 Poeni
519 2146 640 2187 ancoras
655 2127 847 2188 molirentur:

58 2225 114 2266 nec
124 2206 199 2266 ultra
211 2206 369 2266 tumultum
381 2207 462 2266 ciere
473 2207 627 2287 quisquam
638 2208 669 2267 in
678 2210 848 2287 regiopor.

57 2297 90 2347 tu
100 2286 232 2348 audebat.
246 2287 348 2366 itaque
357 2287 439 2366 prior
448 2289 480 2347 in
493 2298 601 2347 terram
610 2287 847 2359 Asdrubatmox

56 2365 160 2445 Scipio
175 2379 204 2427 et
217 2368 325 2428 Laelius
337 2369 471 2446 egressi,
500 2368 535 2429 ad
549 2389 651 2447 regem
667 2364 803 2449 pergunt.

101 2459 139 2520 V.
156 2457 404 2539 Magnificumque
416 2460 447 2519 id
462 2460 595 2542 Syphaci
614 2464 773 2538 (necerat
789 2460 845 2521 ali·
879 2474 975 2533 Asara.

56 2551 102 2600 ter
130 2539 144 2613 )
175 2541 294 2611 visum,
328 2538 453 2600 duorum
484 2540 777 2619 opulentissimorum
808 2532 898 2604 sabai
920 2548 944 2604 ,θ’

55 2629 233 2698 tempestate
252 2618 341 2680 duces
364 2619 542 2702 populorum
568 2665 577 2695 ,
608 2641 668 2680 uno
686 2621 734 2681 die
759 2641 843 2682 suam
854 2592 941 2700 2322?

53 2720 161 2783 pacem
175 2701 400 2782 amicitiamque
415 2712 548 2782 petentes
571 2702 695 2764 venisse.
718 2703 841 2764 Utrum·
854 2723 913 2782 egeto
933 2729 972 2819 p.

853 2786 973 2834 πριαιμην,

87 2870 107 2932 αΙ
131 2857 142 2920 (
174 2857 337 2926 Conspectoe
365 2858 429 2911 duoe
463 2856 620 2912 factumest
657 2858 718 2912 nim
740 2861 841 2913 tumul-

55 2940 124 2991 qutn
145 2940 278 2977 ueremes.
291 2962 297 2976 .
310 2962 315 2976 .
330 2921 337 2975 ἰ
355 2921 430 2977 nihil
462 2938 516 2988 tus,
528 2940 555 2978 et
569 2877 710 2993 trepiiatlo
722 2927 849 2980 militurn*

54 2987 115 3038 aliu
157 2987 240 3056 quim
264 2991 427 3055 tumultum)
461 2991 732 3047 simuletnautaruni.
750 2994 841 3065 Quin-

53 3054 95 3105 Ad
120 3067 295 3122 conspectqm
318 3059 427 3109 duarum
461 3077 595 3128 queremes
615 3079 646 3112 ea
659 3063 784 3112 dicuntur
800 3061 857 3112 fe-r·

55 3121 283 3189 quinqueremiutn
296 3122 428 3176 Romana·
461 3128 551 3190 cisse,
574 3129 669 3197 quibus
687 3140 838 3180 causamat
913 3178 916 3183 .
980 3128 982 3135 '

55 3203 112 3249 rum
142 3188 209 3238 moti
240 3191 345 3254 quidem
363 3204 429 3242 sunt
462 3194 833 3260 occasionempraebuerunn-
866 3228 870 3233 ·

53 3253 148 3325 Peri,
168 3254 428 3321 sednihitatiudetff
495 3261 682 3326 3(Exalto)
702 3261 780 3316 niati.
840 3312 845 3321 ,
892 3210 941 3439 ¹

652 3327 714 3391 aa

451 3470 468 3495 f
