2016 3780
245 218 518 289 Ninnruro
565 214 665 286 XL.
801 218 845 287 53

63 335 202 385 vocarant
217 323 350 400 Magium
361 320 397 382 ad
411 321 518 381 sesain
530 329 640 380 castra:
655 317 761 378 deinde
777 316 847 379 clm

63 406 90 465 is
107 404 246 464 ferociter
256 414 391 480 negasset
402 420 434 473 se
451 402 562 459 iturum
574 405 650 476 (nec
660 399 741 457 enim
753 399 847 457 Anni-

63 484 123 544 bali
139 485 187 564 jus
194 501 259 544 esse
271 484 302 541 in
315 484 410 543 civem
423 476 619 559 Campanum)
628 472 847 538 concitatusirl

62 558 245 624 Poenuscom
266 561 393 621 rehendi
409 561 582 631 bominem,
602 560 791 636 vinctumque
803 566 846 617 at-

63 643 144 703 trahi
153 641 188 703 sd
199 661 231 703 re
244 640 338 720 tussit.
353 639 474 706 Veritus
484 639 605 711 deinde,
620 658 658 698 no
669 637 758 717 quid,
769 638 848 698 inter

62 723 149 796 rim,
175 721 341 794 tumbltlis,
366 733 454 800 atque
473 764 483 792 ‚
508 736 545 779 er
564 720 763 778 concitatione
786 718 848 777 aoi-

60 821 198 873 morum,
223 799 384 862 inconsulti
398 800 569 861 certaminis
580 800 733 869 oriretur,
760 798 847 877 ipse,

59 883 213 962 praemisso
226 880 335 942 nuncio
347 879 386 941 ed
396 880 526 940 Marium
537 878 672 939 Blosium
684 888 848 958 praetorem

59 962 274 1040 Campanum,
300 971 422 1042 postero
442 958 492 1019 die
506 980 538 1020 se
565 957 844 1039 camentorum,

60 1039 260 1120 proficiscitur
275 1041 292 1098 e
308 1041 413 1101 castris
430 1059 499 1100 com
515 1037 636 1099 modico
654 1036 802 1118 prasidio.

101 1118 189 1180 xlv.
209 1119 324 1180 Marius
348 1121 493 1179 concione
509 1117 647 1179 advocata
668 1118 788 1191 edicit,
814 1125 847 1176 ut
894 1109 959 1178 ΕῘΜ

60 1197 229 1276 frequentes
252 1218 320 1259 oum
338 1200 511 1278 conjugibus
540 1219 587 1260 ac*
602 1197 707 1269 liberis
727 1196 845 1258 obvilm
857 1183 971 1285 ἔξω

60 1276 149 1336 irent·
160 1277 304 1336 Annibali.
328 1278 375 1337 Ab
394 1279 538 1338 universis
553 1277 584 1338 id
600 1298 658 1338 non
673 1278 847 1340 obedienter

61 1352 169 1428 modo,
185 1357 353 1427 eodemne,
368 1356 466 1417 favore
479 1359 570 1419 etism
585 1358 665 1436 vulgi
676 1404 685 1433 ‚
698 1369 729 1418 et
744 1357 847 1420 studio

61 1435 174 1494 visendi
192 1446 235 1493 tot
253 1439 312 1511 jam
328 1437 461 1495 victoriis
481 1437 593 1497 clarum
606 1439 846 1518 imperatorem,

60 1513 171 1574 factum
186 1525 238 1574 est.
253 1515 366 1574 Decius
380 1514 493 1592 Magius
505 1537 559 1576 nec
575 1519 693 1577 obviim
708 1536 846 1595 egressus

61 1605 105 1654 est
122 1639 131 1666 ,
150 1613 226 1667 nec,
245 1614 303 1674 quo
320 1595 456 1657 timorem
470 1595 598 1675 aliquem
612 1617 649 1658 ex
663 1599 846 1659 conscientid

59 1673 228 1752 significare
251 1685 374 1752 posset,
393 1675 534 1759 privatim
548 1695 579 1736 se
597 1679 692 1737 tenuit
710 1700 717 1738 ε
736 1678 768 1738 in
780 1678 846 1738 foro

59 1774 128 1817 cum
140 1754 206 1817 filio
216 1755 432 1836 clientibusque
447 1757 550 1838 paucio
563 1758 659 1820 otiose
675 1758 846 1819 inambula-

59 1834 122 1908 vit,
139 1834 187 1914 (8)
203 1836 369 1918 trepidante
381 1837 442 1898 toti
455 1838 576 1900 civitate
584 1837 620 1900 sd
632 1837 846 1922 excipiendum

59 1914 207 1988 Poenum,
227 1917 453 1998 visendumque.

99 1995 167 2057 XV.
183 1997 310 2056 Annibal
325 1999 474 2076 ingressus
490 1997 594 2057 urbem
610 2041 620 2069 ‚
643 2009 776 2058 senatum
791 2016 846 2058 ex·
888 2049 890 2053 .

61 2072 174 2151 templis
196 2074 322 2152 postulat
342 2098 349 2135 :
370 2077 619 2156 precantibusque
637 2077 706 2136 inde
728 2079 846 2157 primo·

59 2151 141 2211 ribus
159 2152 231 2214 cam
254 2174 397 2227 anorum,
426 2153 550 2234 nequid
571 2173 608 2215 eo
626 2154 674 2215 die
694 2157 778 2217 seriae
798 2157 846 2216 roi

58 2242 195 2310 gereret,
221 2173 362 2314 diemque
383 2245 415 2294 ut
434 2236 499 2315 ipse
517 2233 640 2295 adventu
658 2255 712 2296 suo
732 2235 846 2298 festum

57 2313 142 2373 latus
157 2331 191 2372 sc
202 2312 299 2373 libens
313 2313 496 2385 celebraret,
519 2315 682 2394 quanqudm
706 2332 844 2396 praeceps

58 2393 182 2470 ingenio
194 2392 225 2453 in
244 2392 317 2455 iram
328 2406 410 2467 erat,
436 2405 585 2471 tamenne
605 2396 674 2472 quid
689 2394 721 2453 in
735 2396 845 2477 princi-

58 2472 112 2553 pio
128 2484 269 2547 negaret,
285 2475 402 2535 risendi
417 2475 489 2535 urbe
504 2492 640 2554 magnam
651 2475 713 2536 diei
723 2485 842 2557 partem

59 2554 254 2631 consumpsit.
331 2622 334 2626 Δ

97 2628 181 2694 XVI.
204 2631 377 2694 Diversatut
400 2643 446 2693 est
465 2631 542 2714 apud
565 2634 678 2694 Minios
696 2633 841 2711 Celeres,

56 2708 182 2791 inclytos
194 2711 353 2773 nobilitate
372 2731 406 2773 ac
419 2711 541 2775 divitiis.
556 2714 604 2774 ·Εὸ
623 2715 766 2776 Pacuvius
783 2716 842 2780 Ce-

54 2788 151 2851 lavius
171 2833 180 2862 ‚
203 2793 344 2875 princeps
363 2791 503 2853 factionis
523 2796 610 2875 ejus,
633 2813 697 2872 quae
712 2806 840 2857 traxerat
947 2870 950 2877 Ι

55 2867 167 2930 remed
183 2871 311 2943 Poenos,
331 2869 426 2932 filiurn
444 2874 580 2952 juvenem
601 2872 748 2949 adduxit,
772 2878 843 2937 abs-

55 2958 181 3009 tractum
198 2950 249 3011 abs
269 2951 360 3012 Decii
380 2953 471 3035 Magi-i
493 2951 586 3014 latere
607 2997 616 3029 ,
639 2974 708 3015 cum
726 2975 785 3055 quo
800 2956 841 3016 fe·
895 2982 902 2988 ·

56 3028 212 3088 rocissimd
235 3050 290 3111 pro
312 3030 446 3093 Romana
463 3034 605 3095 societate
628 3033 765 3094 adversus
782 3037 840 3095 Pu-

56 3106 158 3165 nicum
170 3105 262 3169 loedui
273 3119 393 3172 steterat
406 3133 413 3171 ι
427 3132 481 3174 nec
495 3134 563 3187 eum
578 3124 629 3174 aut
650 3114 795 3174 inclinata
806 3117 840 3174 in

56 3196 171 3265 partem
181 3187 305 3250 alteram
318 3192 423 3275 civitas
435 3235 444 3267 ,
459 3204 508 3253 aut
520 3193 615 3274 patria
627 3194 763 3272 majestas
772 3213 840 3254 sen·

92 3297 137 3363 8(
157 3300 348 3369 Trepidantc)
374 3304 430 3359 Tu·
462 3322 527 3358 num
548 3307 670 3373 pervias
690 3307 754 3362 binc
775 3308 839 3363 indo

56 3362 223 3431 mulmento,
242 3366 326 3424 multo
340 3368 429 3426 homi·
463 3373 582 3427 discursu
605 3373 711 3440 agitati.
809 3412 812 3417 ·

613 3439 678 3506 Ci
