2016 3780
212 178 492 252 Nnnnnrro
541 175 695 248 XLII.
802 200 848 269 79

62 281 141 346 inter
162 287 320 366 sepulchra
342 288 435 364 patris
459 279 617 364 patruique
640 300 685 341 res
706 278 848 358 gerendae

62 376 187 444 essent,
211 362 433 445 proficiscentis.
920 423 926 434 ,
945 420 952 435 .

104 444 174 504 vtl.
192 445 289 524 Quam
305 441 354 503 ubi
371 445 406 502 ab
422 463 453 500 re
475 449 555 501 tanto
572 439 685 520 impetu
707 435 772 497 nctd
789 435 848 496 sol·
860 422 978 530 '‘5¹3⁶'ssssss

63 515 252 583 licitndinem
269 543 427 602 curamque
445 523 596 580 hominurn
612 516 822 578 animadvertit
839 503 925 603 rapu}
977 533 978 538 ¹

61 600 202 664 advocati
219 604 381 671 concione,
406 602 448 660 ut
460 601 495 660 de
511 612 596 660 etate
614 599 663 658 sul
708 596 847 678 imperio·
860 600 968 670 miuron-

31 735 41 741 .
63 703 120 761 que
143 683 301 755 mandato,
332 694 361 742 et
377 681 458 740 bello
480 680 558 761 quod
574 644 738 757 gerendum
747 663 951 814 pesetffl‘m·

61 782 170 839 magno
192 759 331 840 elatoque
345 760 443 833 animo
466 757 635 832 disseruit,
663 770 694 818 ut
715 776 746 818 ar
766 776 850 819 orem

63 861 130 900 euru
151 844 201 914 qui
231 841 397 912 resederat,
431 842 575 900 excitaret
592 839 692 899 rursus
712 848 852 897 novaret-

64 941 141 1000 que;
160 933 189 978 et
206 921 346 1001 impleret
363 921 497 980 homines
513 920 651 995 certioris
665 918 749 998 spei,
761 917 851 997 quint
937 974 941 987 ,

61 1010 199 1077 quantam
215 995 287 1060 fides
311 1001 450 1080 promissi
472 999 614 1068 humani,
639 997 756 1072 aut-(3)
771 999 851 1057 ratio

61 1076 218 1138 exliducil
234 1099 330 1139 rerum
347 1076 494 1158 subiicere
507 1079 589 1138 solet.
608 1076 677 1138 Fuit
692 1076 772 1135 enim
783 1077 851 1137 Sci-

62 1161 133 1238 pio,
152 1178 208 1217 non
223 1162 298 1218 veris
317 1160 428 1217 tanturn
444 1160 603 1218 'virtutibus
617 1157 781 1228 mirabilis,
796 1154 850 1215 sed

62 1249 125 1296 erte
149 1258 266 1318 quoque
286 1238 408 1317 quidam
426 1238 463 1297 ab
484 1237 599 1316 juventi
617 1239 647 1295 in
675 1237 851 1295 ostentatio-

63 1335 131 1374 nem
152 1338 250 1378 earum
268 1320 476 1395 compositus:
500 1319 640 1396 pleraque
655 1315 732 1396 apud
746 1316 850 1375 multiss

61 1389 197 1455 tudinem
215 1442 223 1471 ,
255 1401 302 1472 (4)
317 1409 367 1455 aut
388 1417 440 1475 per
456 1409 612 1457 nocturnas
630 1399 690 1454 visa
704 1396 821 1476 species
836 1439 861 1468 ,,

63 1486 111 1534 aut
129 1478 210 1536 velut
231 1473 372 1534 divinit-irs
389 1485 484 1534 mente
496 1477 608 1535 moniti
626 1520 634 1544 ‚
665 1487 781 1552 egenus
799 1477 855 1551 (ὁ)

62 1549 125 1612 sive
142 1568 172 1612 et
187 1550 250 1635 ipse
267 1557 348 1632 capti
363 1551 484 1632 quidam
502 1556 712 1633 superstitione
724 1557 823 1613 *enimi
838 1597 848 1623 ,

60 1637 123 1693 sive
135 1646 168 1695 nt
184 1635 308 1714 imperia
320 1633 501 1711 consiliaque
514 1679 522 1705 ‚
536 1678 538 1684 .
551 1632 629 1691 velut
643 1646 721 1691 sorte
734 1635 849 1692 oraculi
893 1684 897 1689 ff

60 1715 150 1774 missa
173 1755 181 1785 ‚
214 1716 277 1772 sine
292 1717 478 1774 cunctatione
496 1724 709 1791 assequeretur.
728 1715 771 1771 nt
790 1713 848 1785 hoc

60 1789 118 1872 jam
137 1792 205 1853 indc'·
223 1792 269 1857 ab,
283 1795 370 1853 initio
390 1813 554 1873 preparans
575 1792 712 1862 animos,
735 1813 848 1868 quno

59 1884 157 1933 tortam
180 1872 297 1933 virilem
313 1874 438 1952 sumpsit
458 1917 467 1948 ,
496 1872 577 1932 nullo
589 1873 638 1932 die
653 1875 737 1954 priris
755 1870 847 1934 ullam

58 1920 208 2032 puislicarn
223 1952 424 2033 privatamque
445 1973 508 2013 rem
524 1953 606 2032 egit,
633 1955 768 2033 quintin
788 1955 847 2013 Ce-

60 2029 199 2109 pitoliurn
213 2034 293 2104 iret,
314 2035 522 2111 ingressusque
541 2034 630 2092 aedern
651 2031 820 2091 consideret
837 2048 846 2106 ς

61 2119 90 2167 et
106 2110 277 2189 plerumque
299 2122 415 2190 ternpus
430 2112 508 2172 solus
524 2112 555 2168 in
572 2123 688 2170 secreto
704 2111 748 2169 ibi
770 2123 849 2170 tere-

59 2199 114 2248 ret.
132 2189 190 2251 Hie
202 2208 264 2256 moe
277 2239 286 2267 ,
299 2191 411 2276 quiper
423 2210 540 2255 omnem
560 2193 648 2260 vitam
662 2191 847 2265 servabatur,

93 2337 108 2388 3
131 2336 142 2401 (
163 2337 245 2390 Ratio
269 2356 306 2390 ex
319 2337 437 2410 fiducid
470 2337 533 2390 Sive
550 2341 608 2406 ipse
629 2353 697 2390 esset
719 2339 848 2404 supersti-

58 2404 166 2469 rerum)
176 2404 255 2456 Ratio
265 2405 328 2456 nixa
338 2403 435 2456 {iducid
469 2407 531 2458 tiosi
541 2406 624 2458 animi
635 2445 641 2469 ,
653 2406 710 2458 eive
721 2419 748 2456 ut
759 2406 849 2456 homi·

57 2485 143 2518 rerum
168 2472 307 2538 ipsarum,
338 2470 435 2523 fiducie
468 2488 516 2535 nes
534 2473 653 2539 imperiis
672 2473 846 2540 consiliisque

58 2550 117 2600 quae
126 2539 244 2588 nescitur
253 2556 285 2588 ex
294 2556 353 2604 pers
374 2549 434 2589 ecto
468 2541 522 2590 suis
535 2539 635 2591 dociles
646 2556 677 2591 ac
689 2542 746 2590 sine
760 2556 846 2590 cunc-

57 2603 267 2668 ternrnipeerurn
275 2556 435 2656 natudlem-
468 2606 569 2656 tatione
586 2619 705 2669 parentes
727 2605 846 2660 haberet.

56 2667 91 2732 pe
104 2667 132 2716 itt
147 2666 199 2720 hoc
215 2672 322 2739 negotio
342 2670 434 2722 Livius
469 2670 593 2723 Ceterdm
614 2708 620 2731 ,
653 2672 723 2740 quod
740 2671 844 2723 adrem

56 2732 158 2801 uliqui'd
173 2737 241 2801 pene
256 2737 378 2787 divinum
389 2753 434 2806 ag-
467 2738 551 2854 ipsam
563 2738 813 2819 attinet-Polybius
823 2740 843 2791 l.

56 2802 164 2860 noscit,
175 2803 280 2870 etquod
292 2815 433 2856 consuetas
500 2803 594 2870 probat
603 2803 759 2870 Scipionem
766 2806 844 2856 nullo

55 2883 142 2917 rerum
161 2868 337 2921 humanatum
362 2870 432 2938 leges
466 2872 545 2921 modo
568 2872 752 2936 superstitione
768 2872 843 2923 labo.

56 2934 173 2986 excedat.
466 2953 556 2996 rasse,
587 2938 632 2988 sed
657 2951 841 2990 commentum

87 2999 193 3062 4(Aut
201 3018 252 3068 per
264 3003 429 3066 nocturnas)
465 3020 521 3054 esse
534 3003 581 3054 itta
600 3005 704 3056 somnia
717 3018 743 3056 et
754 3004 842 3056 collo-

58 3062 197 3130 Tanquem
209 3079 254 3118 aut
263 3084 310 3132 per
321 3080 430 3119 noctem
463 3071 525 3138 quia
539 3087 600 3121 cnm
619 3071 669 3122 diis
681 3108 688 3133 ,
712 3084 740 3121 ut
750 3071 782 3121 ad
794 3088 848 3135 err-¹

59 3127 88 3178 ln
102 3132 202 3182 somnis
214 3149 245 3183 ea
253 3133 375 3199 vidisset,
385 3149 430 3187 aut
464 3137 595 3204 sequenda
613 3135 683 3200 jussa
695 3138 841 3203 promptio-

56 3194 188 3247 lnstinctu
201 3197 291 3250 divino
308 3217 430 3258 monere·
463 3218 526 3264 res,
547 3214 574 3252 et
594 3203 626 3254 ed
646 3203 775 3270 quidlibet
795 3221 842 3254 au·
896 3220 900 3227 ’

56 3271 99 3310 tur
109 3263 178 3339 quid.
186 3276 254 3315 esset
268 3265 318 3335 diis
329 3269 411 3319 cordi.
464 3268 578 3318 dendum
590 3268 729 3322 alacriores
736 3268 840 3326 ,milites

89 3326 105 3378 5
122 3328 132 3394 (
143 3326 211 3383 Stre
225 3341 254 3384 et
264 3329 323 3401 ipse
333 3331 408 3404 capti
416 3334 428 3400 )
464 3331 588 3387 efficeret.

609 3398 772 3475 De·
