2016 3780
158 248 256 297 aro·
387 214 714 297 ‘l'rtrrerrr
816 244 831 259 ⁹

158 329 296 402 bostem,
328 327 390 388 auis
410 347 525 410 quoque
545 329 702 391 tumultum
722 331 813 394 auxit.
841 327 895 392 Sed
916 331 945 392 ie

158 410 300 470 tumultus
323 421 474 469 momento
501 411 670 488 temporis,
697 411 853 491 postqubm
871 413 947 471 libe·

159 501 219 549 tata
229 549 232 555 ,
243 488 354 548 itinera
368 488 434 566 lugi
449 501 655 550 montanorum
671 502 776 561 erant,
802 489 921 552 sedatur
938 513 945 551 :

157 588 212 629 nec
229 568 391 649 parotium
409 568 520 642 modo,
547 570 597 629 sed
615 587 671 651 pro
695 573 711 630 ἐ
729 571 852 631 cilentio
874 592 947 632 mox

157 668 260 709 omnes
282 647 419 708 traducti.
441 648 604 710 Castellum
630 588 729 723 inde,
760 651 838 730 quod
858 649 948 734 caput

161 730 227 809 'ejus
241 727 371 805 regionis
384 736 467 802 erat',
500 729 670 825 viculosque
684 731 891 810 circumjectos
902 751 948 790 ca·

157 808 227 889 pit,
254 820 284 867 et
296 809 481 888 captivorum
494 809 650 892 pecoribus
658 831 716 901 per
724 809 854 869 triduum
865 830 948 870 exer-

156 891 250 950 citum
274 886 357 948 aluit.
372 889 412 950 Et
435 889 504 968 quia
524 910 578 950 nec
596 891 744 950 montania
763 891 863 970 primb
875 907 947 970 per·

157 966 274 1040 culnia,
296 987 352 1028 nec
375 967 443 1028 loco
469 971 650 1050 magnopere
681 969 948 1052 impediebantur,

155 1047 341 1126 aliquantium
352 1067 389 1106 eo
405 1046 501 1108 triduo
518 1048 573 1111 viae
591 1049 730 1110 confecit.

103 1134 110 1140 '
197 1126 266 1191 XII.
288 1127 464 1189 Perventum
484 1127 555 1189 inde
572 1130 608 1189 ad
624 1128 808 1210 frequentem
824 1127 948 1201 cultori-

158 1207 215 1285 bus
234 1208 350 1281 alium,
375 1221 408 1268 ut
431 1210 510 1268 inter
526 1220 688 1282 montana,
718 1207 874 1290 populum.
901 1209 947 1270 lbi

156 1306 217 1348 non
242 1286 323 1347 bello
343 1295 467 1382 aperto',
490 1289 550 1349 aad
572 1290 634 1350 suia
651 1290 788 1363 artibus,
815 1287 949 1363 bande,

157 1364 264 1428 deinde
279 1366 462 1429 ineidria³eat
477 1369 572 1451 peopb
584 1371 813 1432 circumventus.
838 1370 949 1447 Magno

157 1460 227 1507 natu
242 1449 394 1529 principue
415 1449 604 1511 castelletum
619 1461 751 1511 oratorea
768 1448 803 1509 ad
824 1450 948 1510 Poenum

158 1529 281 1589 veniunt
307 1549 314 1588 ε
335 1528 438 1591 alienia
449 1530 536 1592 malie
553 1575 562 1605 ‚
590 1531 655 1592 utili
672 1529 804 1606 exemplo
825 1533 950 1604 doctus,

158 1618 374 1684 memorantes,
401 1614 556 1672 amicitiem
569 1611 677 1684 malla,
701 1611 784 1693 quim
794 1612 847 1668 vim
861 1633 948 1692 expe-

159 1693 211 1751 riri
234 1689 389 1750 Punctum.
416 1688 515 1772 ltaque
536 1690 697 1752 obedienter
724 1692 862 1770 imperata
885 1693 947 1760 fac·

158 1780 244 1830 turno.
262 1768 626 1850 Commeatum'itinerisque
636 1775 741 1845 duces,
767 1782 798 1830 et
814 1772 946 1847 adfidern

154 1851 354 1930 promissorum
371 1848 479 1907 obsides
494 1852 642 1928 occiperet.

198 1925 286 1989 Xlll.
313 1924 438 1986 Annibal
466 1945 520 1986 nec
546 1929 658 1987 temere
683 1926 857 2000 credendo,
889 1946 947 1989 nec

96 2040 99 2050 =
158 2005 358 2088 aspernando,
378 2007 414 2066 ne
427 2006 577 2091 repudiati
594 2010 694 2090 aperte
705 2007 806 2070 hoster
822 2005 947 2085 tierent,

158 2086 287 2167 benigne
304 2086 373 2148 crim
386 2087 590 2172 respondisset
607 2134 615 2166 ,
646 2088 799 2152 obsidibus
816 2109 889 2169 quos
902 2090 948 2150 da·

157 2169 232 2230 bant
257 2171 410 2248 acceptis,
433 2182 464 2231 et
488 2181 675 2245 commeatu,
704 2190 793 2251 quam
810 2171 842 2227 in
868 2170 969 2231 viam'

158 2250 218 2332 ipsi
239 2248 428 2325 detulerant,
454 2271 552 2327 usus,
580 2253 786 2390 nequapuam,
815 2261 848 2309 ut
870 2252 948 2310 inter

158 2343 300 2412 pacatos,
326 2333 527 2409 incomposito
546 2337 662 2410 agmine
697 2349 766 2390 uces
783 2349 885 2388 eorum
900 2349 948 2389 se·

159 2411 271 2493 quitur.
309 2409 439 2468 Primum
464 2431 569 2488 agmen
596 2408 746 2492 elephanti
774 2419 804 2466 et
831 2409 948 2486 equites

158 2499 265 2550 erant:
282 2489 347 2568 ipse
370 2498 439 2570 post
459 2508 525 2551 cum
547 2491 654 2549 robore
669 2486 802 2569 peditum
821 2487 948 2548 circum-

158 2576 294 2654 spectans
312 2566 460 2630 sollicitus
472 2570 592 2644 omnia,
613 2567 777 2629 incedebat.

198 2645 283 2714 XIV.
299 2649 359 2710 Ubi
380 2651 411 2709 in
434 2650 636 2730 angustiorem
652 2651 731 2710 viani
750 2668 789 2708 ex
808 2657 892 2728 parte
909 2645 947 2705 al-

159 2730 224 2789 terl
239 2730 400 2808 subjectam
413 2733 484 2809 jugo
500 2734 622 2814 insuper
642 2730 810 2790 imminenti
826 2738 945 2788 ventum

159 2819 228 2880 est,
250 2808 379 2887 undique
402 2829 439 2869 ex
460 2812 580 2875 insidiis
599 2810 749 2879 barbaria
771 2807 886 2881 fronte,
909 2807 945 2868 ab

159 2898 245 2967 tergo
262 2890 356 2948 coorti
382 2931 392 2960 ,
424 2892 560 2952 corninris
582 2892 697 2952 eminds
724 2899 849 2969 petunt:
877 2907 946 2947 saxa

159 2967 293 3046 ingentia
313 2968 345 3026 in
356 2988 461 3048 agmen
474 2971 641 3031 devolvunt.
658 2971 789 3030 Maxima
806 2968 842 3027 ab
861 2978 947 3045 tergo

159 3049 206 3109 via
221 3047 374 3108 hominum
400 3049 615 3127 urgebat.(11)
638 3049 671 3109 ln
690 3068 742 3108 eoa
757 3066 839 3108 versa
861 3047 946 3129 pedi·
993 3043 996 3052 '

196 3203 223 3238 rr
242 3187 294 3253 (ln
303 3205 351 3238 eos
367 3205 446 3239 versa
455 3187 535 3256 pedim
568 3204 664 3268 magno
680 3187 795 3239 ‘scilicet
814 3186 946 3254 plenoque

161 3264 219 3306 mm
238 3252 315 3306 acies
331 3252 405 3306 haud
423 3253 534 3308 dubium
570 3255 680 3322 penculi
694 3255 837 3307 certamine
854 3253 946 3322 ingon-

152 3318 231 3390 [θεῖε
246 3321 301 3398 )’[ιι
314 3336 362 3372 eoa
375 3319 450 3373 vena
460 3321 536 3389 pedi·
570 3335 625 3379 tem
635 3325 702 3374 ineo
711 3321 777 3374 ualtu
788 3321 891 3372 cladem
901 3335 947 3372 ac-

162 3392 310 3452 tumacto,
345 3389 484 3458 apparuit,
504 3406 537 3441 ex
570 3387 823 3459 etptentmtume,
839 3383 945 3442 uisifir·
