2016 3780
185 246 249 313 138
409 238 743 310 T1c1L1v11
807 211 832 219 Ἰ

182 365 298 425 versum
318 341 424 405 collem
447 363 484 403 ex
507 344 660 424 superiore
682 342 749 403 loco
770 360 801 402 se
820 351 963 422 pugnatu-

182 445 248 485 rum
272 446 279 484 ι
307 422 412 483 deinde
445 421 602 482 admiratio
630 425 777 499 incessit,
805 421 881 501 qubd
906 439 963 479 nec

183 523 309 584 pugnarn
331 501 455 575 inirent,
483 522 564 574 nec,
591 503 614 560 si
633 502 670 562 ab
695 521 732 561 eo
756 503 888 561 consilio
903 500 963 557 ini-

182 586 294 662 quitate
314 580 376 641 loci
397 580 637 668 perstruuntur,
655 600 744 665 opere
767 601 798 640 se
829 580 963 658 valloque

182 659 409 723 circumdarent.
950 716 953 721 .

222 743 261 804 V.
274 744 351 803 Tum
360 740 582 803 centurionibus
593 739 628 800 ad
641 761 672 800 se
683 740 812 811 uocatis,
827 740 962 819 Quanam

180 819 235 879 illa
251 822 362 883 inscitia
385 820 454 882 belii
477 845 510 881 aa
533 824 652 900 pigritia
674 834 718 882 est
737 826 746 882 i
763 822 820 880 Aut
841 838 961 900 quonam

180 905 262 960 niodo
278 905 325 961 isti
337 925 377 962 ex
390 901 523 962 Sidicinis
538 901 745 983 Campanisque
762 906 902 959 uictoriam
916 919 964 974 pe-

178 987 337 1058 pererunti
361 982 424 1040 Huc
444 994 528 1063 atque
557 979 625 1039 illuc
651 982 697 1058 (3)
732 985 813 1059 signa
837 980 962 1050 moueri,

179 1079 213 1118 ac
230 1065 310 1121 modo
334 1064 363 1120 in
383 1082 466 1120 unum
491 1063 632 1132 conferri,
651 1062 730 1120 morib
753 1059 833 1126 educi
850 1061 961 1116 videtis.

95 1186 99 1193 .
182 1138 260 1218 Opus
280 1144 388 1222 quidem
406 1143 505 1219 incipit
525 1162 603 1199 nemo
620 1143 699 1212 ,crim
718 1142 778 1220 jam
795 1139 964 1197 circumdati

175 1219 254 1278 ‘uallo
269 1223 440 1300 patuerimus
455 1241 524 1280 esse.
546 1219 614 1277 Tum
632 1214 691 1278 ueri
707 1241 757 1277 nos
769 1215 878 1278 similes
891 1220 965 1275 isto-

181 1321 240 1357 rum
254 1303 340 1369 simus
353 1346 362 1371 ,
377 1302 402 1358 si
415 1301 518 1358 diutinis
540 1298 584 1357 iric
604 1319 761 1369 moremur,
788 1298 869 1377 quim
888 1294 965 1354 'ceni-

179 1383 289 1438 suarium
305 1384 352 1438 sit.
366 1381 517 1458 agitedum
532 1421 541 1448 ‚
559 1382 598 1437 ite
619 1401 740 1448 mecum,
753 1389 803 1448 ut,
818 1380 882 1436 duur
892 1375 966 1434 lucis

178 1458 288 1540 aliquia
298 1473 440 1540 superest,
451 1457 550 1540 quibus
562 1458 630 1519 lotis
639 1461 769 1539 prasidio
776 1468 897 1538 ponant,
907 1455 965 1534 quui

175 1552 278 1621 pateat
299 1541 360 1599 binc
380 1542 477 1599 exitus
492 1584 501 1612 ‚
514 1537 713 1618 exploremus.»
723 1536 790 1597 Haec
807 1537 910 1594 omnia
921 1555 966 1593 sa·

178 1619 249 1698 gulo
263 1618 376 1699 gregali
387 1621 528 1691 amictus,
544 1619 764 1689 centurionibus
780 1618 851 1675 item
871 1615 966 1674 mani-

136 1709 143 1713 '
174 1698 327 1777 peiurium
356 1700 486 1759 militum
521 1697 622 1759 habitu
649 1699 824 1769 ductis‚'ne
855 1694 968 1756 ducem

173 1777 337 1836 'circumire
361 1779 460 1836 hostes
484 1786 645 1850 notarent,
666 1776 871 1859 perlustrent.¹
951 1822 956 1831 .

77 1849 176 1920 orario·
218 1856 272 1916 Vt.
297 1856 417 1933 Vigiliis
433 1854 538 1913 deinde
551 1855 705 1937 dispositis
716 1862 735 1930 ,'
747 1856 854 1917 ceteris
867 1856 967 1916 omni·-

48 1905 233 2019 ,ss-fflss‘f‘bus
256 1936 303 2010 (a)
323 1943 461 1993 tesseram
485 1932 547 1992 dari
561 1937 655 2015 ,jubet
668 1980 677 2010 ,
692 1935 744 1996 ubi
765 1938 813 2012 (ὁ)
827 1935 966 2007 secunda

148 2058 152 2071 .
178 2010 291 2092 vigilia
315 2014 440 2073 baccini
464 2011 566 2074 daturn
589 2018 706 2095 signum
733 2024 834 2086 esset,
854 2021 965 2078 armati

178 2111 246 2152 cunr
263 2092 384 2155 silentio
410 2092 447 2156 ad
470 2113 501 2155 se
524 2094 667 2156 venirent.
689 2096 758 2176 Qub
785 2094 857 2168 ubi,
882 2098 966 2158 sicut

178 2173 308 2235 edictum
329 2188 416 2249 erat,
439 2176 526 2235 taciti
551 2187 770 2246 convenerunt,
788 2173 847 2234 Hoc
873 2176 969 2236 silen-¹

177 2259 248 2317 tium
268 2257 398 2330 milites,
423 2256 536 2336 inquit,
551 2261 651 2320 omisso
676 2257 795 2317 militari
821 2276 965 2334 assensu,

210 2397 372 2465 3(Sr'gna...
382 2398 478 2463 morib)
488 2399 554 2470 δίς·
586 2401 677 2451 ordine
684 2398 905 2465 manipuioeibat,
917 2401 965 2454 do·

176 2483 240 2515 na...
260 2463 340 2515 arrodb
352 2462 383 2515 in
396 2482 478 2515 unum
488 2482 553 2515 con·
585 2466 965 2531 necad'l'ribunurnantenoq.

170 2527 249 2597 ferri
256 2568 264 2594 ,
275 2530 350 2597 quasi
366 2529 498 2598 quiescere
508 2530 552 2583 in·
585 2543 638 2583 tern
650 2531 792 2587 referretur.
802 2534 962 2587 Haecautorn

176 2606 213 2647 trs
226 2609 311 2649 castra
324 2597 464 2649 statuerint
473 2595 551 2648 Sam·
585 2611 688 2650 tesseres
698 2615 754 2651 non
764 2601 906 2669 advigilias
917 2621 962 2655 eo·

174 2663 262 2721 niteat
280 2663 359 2717 rnodb
368 2662 451 2717 erbaci
458 2699 466 2727 ,
478 2665 552 2734 quasi
584 2664 639 2718 lum
650 2666 840 2718 adhibebantur
851 2704 857 2728 ,
869 2669 914 2721 sed
926 2671 960 2723 ad

170 2727 255 2776 iidem
292 2741 384 2792 parent
424 2729 550 2787 invadere
583 2733 694 2801 imperia
713 2746 739 2785 et
765 2735 889 2786 mandata
911 2736 962 2788 du·

173 2790 322 2843 Romanos.
583 2816 644 2852 cum
657 2801 831 2868 ,etquidquid
844 2801 960 2870 denique

206 2858 244 2923 4(
261 2858 427 2923 Tesseram)
440 2862 550 2917 Terrore
582 2867 683 2919 vellent
699 2867 818 2919 celeriter
839 2884 886 2935 per
899 2885 961 2920 om-
993 2866 997 2871 ’

171 2924 279 3041 proprie
292 2936 332 2974 est
339 2922 434 3005 tabella
446 2928 547 3008 exigua,
580 2948 643 2983 nem
651 2933 795 2993 exercitum
805 2936 962 2989 innotesce-

184 3006 202 3041 n
222 2987 274 3059 qui
291 2988 481 3041 inscribebatur
498 3009 548 3060 erg·
580 3013 617 3046 rs.

170 3074 237 3110 nurn
250 3093 256 3125 ,
267 3072 313 3108 seu
325 3054 474 3124 symbolum
482 3072 549 3108 noo·
614 3056 803 3124 Miseranda
817 3061 930 3131 uigiliae
945 3070 957 3136 )

169 3137 288 3189 turnum.
306 3122 347 3175 Es
362 3121 409 3174 rub
422 3138 547 3175 occasum
580 3122 648 3175 Tota
663 3138 716 3200 nos
730 3123 759 3173 in
768 3138 880 3192 quatuor
888 3133 962 3200 vigi.

171 3189 547 3309 solis,antequin1poneren-
581 3189 629 3242 liar
656 3188 819 3241 dividebatur
845 3208 959 3258 quarum

168 3256 359 3339 mrvigilienp
369 3256 415 3309 Tri
436 3273 489 3308 uno
500 3257 547 3311 da·
577 3256 959 3345 quaelibettribushorlecons.

31 3444 36 3453 ,
170 3322 545 3457 tristitiis-“itis
578 3323 957 3465 tttsttttttttttttts

132 3486 136 3497 ι
169 3460 311 3529 mussat)
318 3474 417 3535 perque
427 3459 544 3532 singulos
578 3460 612 3515 tis
625 3459 662 3515 bo
