<?xml version="1.0" encoding="UTF-8"?>
<!DOCTYPE html PUBLIC "-//W3C//DTD XHTML 1.0 Transitional//EN"
    "http://www.w3.org/TR/xhtml1/DTD/xhtml1-transitional.dtd">
<html xmlns="http://www.w3.org/1999/xhtml" xml:lang="en" lang="en">
 <head>
  <title>
</title>
<meta http-equiv="Content-Type" content="text/html;charset=utf-8" />
  <meta name='ocr-system' content='tesseract 3.04.00' />
  <meta name='ocr-capabilities' content='ocr_page ocr_carea ocr_par ocr_line ocrx_word'/>
</head>
<body>
  <div class='ocr_page' id='page_1' title='image "./selectaetitoliv00livygoog_0346.png"; bbox 0 0 2016 3780; ppageno 0'>
   <div class='ocr_carea' id='block_1_1' title="bbox 222 173 896 284">
    <p class='ocr_par' dir='ltr' id='par_1_1' title="bbox 222 173 896 284">
     <span class='ocr_line' id='line_1_1' title="bbox 222 173 896 284; baseline 0.006 -4"><span class='ocrx_word' id='word_1_1' title='bbox 222 211 499 281; x_wconf 76' lang='lat' dir='ltr'>Nannarro</span> <span class='ocrx_word' id='word_1_2' title='bbox 543 210 715 281; x_wconf 84' lang='lat' dir='ltr'>XLIV.</span> <span class='ocrx_word' id='word_1_3' title='bbox 798 173 896 284; x_wconf 34' lang='lat'>113*</span> 
     </span>
    </p>
   </div>
   <div class='ocr_carea' id='block_1_2' title="bbox 27 312 929 3282">
    <p class='ocr_par' dir='ltr' id='par_1_2' title="bbox 71 312 861 1439">
     <span class='ocr_line' id='line_1_2' title="bbox 77 312 859 393; baseline -0.001 -19"><span class='ocrx_word' id='word_1_4' title='bbox 77 335 165 386; x_wconf 86' lang='lat' dir='ltr'>nam,</span> <span class='ocrx_word' id='word_1_5' title='bbox 189 312 321 374; x_wconf 71' lang='lat' dir='ltr'>citatiore</span> <span class='ocrx_word' id='word_1_6' title='bbox 335 359 343 387; x_wconf 93' lang='lat'>‚</span> <span class='ocrx_word' id='word_1_7' title='bbox 368 313 455 393; x_wconf 70' lang='lat' dir='ltr'>quem</span> <span class='ocrx_word' id='word_1_8' title='bbox 469 313 540 374; x_wconf 74' lang='lat' dir='ltr'>inde</span> <span class='ocrx_word' id='word_1_9' title='bbox 558 326 698 388; x_wconf 86' lang='lat' dir='ltr'>venerat,</span> <span class='ocrx_word' id='word_1_10' title='bbox 721 316 859 392; x_wconf 79' lang='lat' dir='ltr'>agmine,</span> 
     </span>
     <span class='ocr_line' id='line_1_3' title="bbox 78 394 861 475; baseline -0.001 -22"><span class='ocrx_word' id='word_1_11' title='bbox 78 396 126 453; x_wconf 90' lang='lat' dir='ltr'>die</span> <span class='ocrx_word' id='word_1_12' title='bbox 141 406 226 457; x_wconf 79' lang='lat' dir='ltr'>sexto</span> <span class='ocrx_word' id='word_1_13' title='bbox 240 394 273 453; x_wconf 90' lang='lat' dir='ltr'>ad</span> <span class='ocrx_word' id='word_1_14' title='bbox 289 395 393 454; x_wconf 82' lang='lat' dir='ltr'>stativa</span> <span class='ocrx_word' id='word_1_15' title='bbox 410 414 480 467; x_wconf 86' lang='lat' dir='ltr'>sua,</span> <span class='ocrx_word' id='word_1_16' title='bbox 505 406 593 474; x_wconf 86' lang='lat' dir='ltr'>atquo</span> <span class='ocrx_word' id='word_1_17' title='bbox 611 396 644 454; x_wconf 83' lang='lat' dir='ltr'>ad</span> <span class='ocrx_word' id='word_1_18' title='bbox 663 395 776 455; x_wconf 83' lang='lat' dir='ltr'>hostem</span> <span class='ocrx_word' id='word_1_19' title='bbox 793 415 861 475; x_wconf 89' lang='lat' dir='ltr'>per-</span> 
     </span>
     <span class='ocr_line' id='line_1_4' title="bbox 78 466 861 556; baseline 0 -24"><span class='ocrx_word' id='word_1_20' title='bbox 78 475 167 536; x_wconf 88' lang='lat' dir='ltr'>venit.</span> <span class='ocrx_word' id='word_1_21' title='bbox 187 475 245 534; x_wconf 83' lang='lat' dir='ltr'>lter</span> <span class='ocrx_word' id='word_1_22' title='bbox 266 477 329 554; x_wconf 88' lang='lat' dir='ltr'>ejus</span> <span class='ocrx_word' id='word_1_23' title='bbox 345 466 508 553; x_wconf 71' lang='lat' dir='ltr'>frequenlib</span> <span class='ocrx_word' id='word_1_24' title='bbox 525 478 661 548; x_wconf 89' lang='lat' dir='ltr'>minore,</span> <span class='ocrx_word' id='word_1_25' title='bbox 683 475 752 556; x_wconf 87' lang='lat' dir='ltr'>quia</span> <span class='ocrx_word' id='word_1_26' title='bbox 772 492 861 534; x_wconf 88' lang='lat' dir='ltr'>nemo</span> 
     </span>
     <span class='ocr_line' id='line_1_5' title="bbox 76 555 860 635; baseline 0 -22"><span class='ocrx_word' id='word_1_27' title='bbox 76 566 269 635; x_wconf 72' lang='lat' dir='ltr'>praecesserat</span> <span class='ocrx_word' id='word_1_28' title='bbox 287 556 428 628; x_wconf 88' lang='lat' dir='ltr'>nuncius,</span> <span class='ocrx_word' id='word_1_29' title='bbox 446 555 751 630; x_wconf 62' lang='lat' dir='ltr'>resisteremus,</span> <span class='ocrx_word' id='word_1_30' title='bbox 765 556 817 615; x_wconf 85' lang='lat' dir='ltr'>rix</span> <span class='ocrx_word' id='word_1_31' title='bbox 827 563 860 613; x_wconf 81' lang='lat' dir='ltr'>ut</span> 
     </span>
     <span class='ocr_line' id='line_1_6' title="bbox 76 633 859 716; baseline -0.004 -20"><span class='ocrx_word' id='word_1_32' title='bbox 76 647 228 715; x_wconf 87' lang='lat' dir='ltr'>compotes</span> <span class='ocrx_word' id='word_1_33' title='bbox 253 638 397 696; x_wconf 81' lang='lat' dir='ltr'>mentium</span> <span class='ocrx_word' id='word_1_34' title='bbox 419 654 478 716; x_wconf 85' lang='lat' dir='ltr'>prae</span> <span class='ocrx_word' id='word_1_35' title='bbox 497 635 604 714; x_wconf 90' lang='lat' dir='ltr'>gaudio</span> <span class='ocrx_word' id='word_1_36' title='bbox 626 649 745 708; x_wconf 85' lang='lat' dir='ltr'>essent,</span> <span class='ocrx_word' id='word_1_37' title='bbox 778 633 859 696; x_wconf 85' lang='lat' dir='ltr'>cele-</span> 
     </span>
     <span class='ocr_line' id='line_1_7' title="bbox 74 708 857 776; baseline 0 -2"><span class='ocrx_word' id='word_1_38' title='bbox 74 708 188 776; x_wconf 86' lang='lat' dir='ltr'>bratum</span> <span class='ocrx_word' id='word_1_39' title='bbox 204 726 258 776; x_wconf 84' lang='lat' dir='ltr'>est.</span> <span class='ocrx_word' id='word_1_40' title='bbox 287 717 364 776; x_wconf 87' lang='lat' dir='ltr'>Nem</span> <span class='ocrx_word' id='word_1_41' title='bbox 377 715 477 775; x_wconf 83' lang='lat' dir='ltr'>Romae</span> <span class='ocrx_word' id='word_1_42' title='bbox 500 729 604 776; x_wconf 84' lang='lat' dir='ltr'>neuter</span> <span class='ocrx_word' id='word_1_43' title='bbox 626 716 719 776; x_wconf 89' lang='lat' dir='ltr'>animi</span> <span class='ocrx_word' id='word_1_44' title='bbox 736 716 857 776; x_wconf 85' lang='lat' dir='ltr'>babitus</span> 
     </span>
     <span class='ocr_line' id='line_1_8' title="bbox 74 796 857 877; baseline 0 -23"><span class='ocrx_word' id='word_1_45' title='bbox 74 798 144 856; x_wconf 89' lang='lat' dir='ltr'>satis</span> <span class='ocrx_word' id='word_1_46' title='bbox 164 796 222 858; x_wconf 90' lang='lat' dir='ltr'>dici</span> <span class='ocrx_word' id='word_1_47' title='bbox 240 798 428 876; x_wconf 80' lang='lat' dir='ltr'>enarrarique</span> <span class='ocrx_word' id='word_1_48' title='bbox 448 806 567 877; x_wconf 82' lang='lat' dir='ltr'>potest:</span> <span class='ocrx_word' id='word_1_49' title='bbox 591 816 645 856; x_wconf 86' lang='lat' dir='ltr'>aec</span> <span class='ocrx_word' id='word_1_50' title='bbox 667 817 724 877; x_wconf 94' lang='lat' dir='ltr'>quo</span> <span class='ocrx_word' id='word_1_51' title='bbox 742 799 857 855; x_wconf 84' lang='lat' dir='ltr'>incerta</span> 
     </span>
     <span class='ocr_line' id='line_1_9' title="bbox 73 871 856 958; baseline -0.003 -23"><span class='ocrx_word' id='word_1_52' title='bbox 73 878 296 958; x_wconf 80' lang='lat' dir='ltr'>exspectatione</span> <span class='ocrx_word' id='word_1_53' title='bbox 317 878 439 937; x_wconf 72' lang='lat' dir='ltr'>eventius</span> <span class='ocrx_word' id='word_1_54' title='bbox 462 871 566 936; x_wconf 87' lang='lat' dir='ltr'>civitas</span> <span class='ocrx_word' id='word_1_55' title='bbox 587 877 705 950; x_wconf 84' lang='lat' dir='ltr'>fuerat,</span> <span class='ocrx_word' id='word_1_56' title='bbox 726 896 779 947; x_wconf 80' lang='lat' dir='ltr'>nee</span> <span class='ocrx_word' id='word_1_57' title='bbox 798 893 856 954; x_wconf 91' lang='lat' dir='ltr'>quo</span> 
     </span>
     <span class='ocr_line' id='line_1_10' title="bbox 72 957 855 1040; baseline -0.003 -25"><span class='ocrx_word' id='word_1_58' title='bbox 72 960 209 1017; x_wconf 82' lang='lat' dir='ltr'>victoriae</span> <span class='ocrx_word' id='word_1_59' title='bbox 231 957 339 1017; x_wconf 85' lang='lat' dir='ltr'>lamam</span> <span class='ocrx_word' id='word_1_60' title='bbox 359 957 484 1037; x_wconf 88' lang='lat' dir='ltr'>accepit.</span> <span class='ocrx_word' id='word_1_61' title='bbox 510 959 664 1037; x_wconf 86' lang='lat' dir='ltr'>Nunquam</span> <span class='ocrx_word' id='word_1_62' title='bbox 680 977 736 1040; x_wconf 92' lang='lat' dir='ltr'>per</span> <span class='ocrx_word' id='word_1_63' title='bbox 752 975 855 1015; x_wconf 85' lang='lat' dir='ltr'>omncs</span> 
     </span>
     <span class='ocr_line' id='line_1_11' title="bbox 72 1035 854 1117; baseline 0.003 -25"><span class='ocrx_word' id='word_1_64' title='bbox 72 1037 156 1109; x_wconf 85' lang='lat' dir='ltr'>dies,</span> <span class='ocrx_word' id='word_1_65' title='bbox 182 1059 219 1096; x_wconf 82' lang='lat' dir='ltr'>ex</span> <span class='ocrx_word' id='word_1_66' title='bbox 246 1057 305 1116; x_wconf 90' lang='lat' dir='ltr'>quo</span> <span class='ocrx_word' id='word_1_67' title='bbox 329 1038 487 1100; x_wconf 86' lang='lat' dir='ltr'>Claudiurn</span> <span class='ocrx_word' id='word_1_68' title='bbox 510 1039 661 1098; x_wconf 91' lang='lat' dir='ltr'>consulem</span> <span class='ocrx_word' id='word_1_69' title='bbox 686 1035 854 1117; x_wconf 80' lang='lat' dir='ltr'>profectum</span> 
     </span>
     <span class='ocr_line' id='line_1_12' title="bbox 71 1115 856 1191; baseline -0.003 -15"><span class='ocrx_word' id='word_1_70' title='bbox 71 1117 146 1176; x_wconf 77' lang='lat' dir='ltr'>tama</span> <span class='ocrx_word' id='word_1_71' title='bbox 161 1115 276 1191; x_wconf 86' lang='lat' dir='ltr'>attulit,</span> <span class='ocrx_word' id='word_1_72' title='bbox 294 1119 330 1177; x_wconf 86' lang='lat' dir='ltr'>ab</span> <span class='ocrx_word' id='word_1_73' title='bbox 349 1130 414 1176; x_wconf 91' lang='lat' dir='ltr'>orto</span> <span class='ocrx_word' id='word_1_74' title='bbox 431 1117 492 1176; x_wconf 90' lang='lat' dir='ltr'>sole</span> <span class='ocrx_word' id='word_1_75' title='bbox 513 1119 547 1177; x_wconf 86' lang='lat' dir='ltr'>ad</span> <span class='ocrx_word' id='word_1_76' title='bbox 570 1119 755 1179; x_wconf 85' lang='lat' dir='ltr'>occidentem</span> <span class='ocrx_word' id='word_1_77' title='bbox 773 1161 781 1189; x_wconf 92' lang='lat'>‚</span> <span class='ocrx_word' id='word_1_78' title='bbox 806 1125 856 1174; x_wconf 79' lang='lat' dir='ltr'>aut</span> 
     </span>
     <span class='ocr_line' id='line_1_13' title="bbox 73 1197 856 1277; baseline 0 -21"><span class='ocrx_word' id='word_1_79' title='bbox 73 1203 189 1256; x_wconf 83' lang='lat' dir='ltr'>&#39;senator</span> <span class='ocrx_word' id='word_1_80' title='bbox 200 1201 352 1277; x_wconf 89' lang='lat' dir='ltr'>quisquam</span> <span class='ocrx_word' id='word_1_81' title='bbox 367 1197 382 1257; x_wconf 79' lang='lat' dir='ltr'>l</span> <span class='ocrx_word' id='word_1_82' title='bbox 396 1198 478 1257; x_wconf 75' lang='lat' dir='ltr'>curili</span> <span class='ocrx_word' id='word_1_83' title='bbox 492 1209 578 1276; x_wconf 91' lang='lat' dir='ltr'>atque</span> <span class='ocrx_word' id='word_1_84' title='bbox 589 1199 624 1257; x_wconf 92' lang='lat' dir='ltr'>ab</span> <span class='ocrx_word' id='word_1_85' title='bbox 636 1197 856 1277; x_wconf 85' lang='lat' dir='ltr'>magistratibus</span> 
     </span>
     <span class='ocr_line' id='line_1_14' title="bbox 74 1277 856 1360; baseline -0.003 -24"><span class='ocrx_word' id='word_1_86' title='bbox 74 1277 237 1350; x_wconf 82' lang='lat' dir='ltr'>abscessit,</span> <span class='ocrx_word' id='word_1_87' title='bbox 255 1289 302 1339; x_wconf 85' lang='lat' dir='ltr'>aut</span> <span class='ocrx_word' id='word_1_88' title='bbox 319 1277 445 1360; x_wconf 87' lang='lat' dir='ltr'>populus</span> <span class='ocrx_word' id='word_1_89' title='bbox 465 1280 481 1335; x_wconf 75' lang='lat' dir='ltr'>e</span> <span class='ocrx_word' id='word_1_90' title='bbox 502 1279 576 1337; x_wconf 83' lang='lat' dir='ltr'>foro.</span> <span class='ocrx_word' id='word_1_91' title='bbox 595 1280 759 1353; x_wconf 63' lang='lat' dir='ltr'>statione,</span> <span class='ocrx_word' id='word_1_92' title='bbox 785 1278 856 1358; x_wconf 85' lang='lat' dir='ltr'>quia</span> 
     </span>
     <span class='ocr_line' id='line_1_15' title="bbox 71 1355 854 1439; baseline 0.001 -25"><span class='ocrx_word' id='word_1_93' title='bbox 71 1355 146 1415; x_wconf 90' lang='lat' dir='ltr'>nihil</span> <span class='ocrx_word' id='word_1_94' title='bbox 162 1359 191 1414; x_wconf 89' lang='lat' dir='ltr'>in</span> <span class='ocrx_word' id='word_1_95' title='bbox 204 1359 277 1438; x_wconf 89' lang='lat' dir='ltr'>ipsis</span> <span class='ocrx_word' id='word_1_96' title='bbox 292 1361 358 1438; x_wconf 91' lang='lat' dir='ltr'>opis</span> <span class='ocrx_word' id='word_1_97' title='bbox 371 1369 434 1418; x_wconf 87' lang='lat' dir='ltr'>eret</span> <span class='ocrx_word' id='word_1_98' title='bbox 448 1403 455 1430; x_wconf 93' lang='lat'>,</span> <span class='ocrx_word' id='word_1_99' title='bbox 473 1359 503 1416; x_wconf 92' lang='lat' dir='ltr'>in</span> <span class='ocrx_word' id='word_1_100' title='bbox 516 1379 619 1439; x_wconf 83' lang='lat' dir='ltr'>preces</span> <span class='ocrx_word' id='word_1_101' title='bbox 633 1361 854 1420; x_wconf 86' lang='lat' dir='ltr'>obtestationes-</span> 
     </span>
    </p>

    <p class='ocr_par' dir='ltr' id='par_1_3' title="bbox 27 1438 854 1596">
     <span class='ocr_line' id='line_1_16' title="bbox 27 1438 854 1521; baseline 0.007 -28"><span class='ocrx_word' id='word_1_102' title='bbox 27 1514 29 1519; x_wconf 69' lang='lat'>,</span> <span class='ocrx_word' id='word_1_103' title='bbox 72 1457 128 1515; x_wconf 90' lang='lat' dir='ltr'>que</span> <span class='ocrx_word' id='word_1_104' title='bbox 143 1457 253 1509; x_wconf 69' lang='lat' dir='ltr'>verse,</span> <span class='ocrx_word' id='word_1_105' title='bbox 277 1458 329 1516; x_wconf 90' lang='lat' dir='ltr'>per</span> <span class='ocrx_word' id='word_1_106' title='bbox 349 1438 580 1505; x_wconf 66' lang='lat' dir='ltr'>omniadelubre</span> <span class='ocrx_word' id='word_1_107' title='bbox 601 1461 679 1518; x_wconf 84' lang='lat' dir='ltr'>vagae</span> <span class='ocrx_word' id='word_1_108' title='bbox 694 1440 854 1521; x_wconf 77' lang='lat' dir='ltr'>suppliciis</span> 
     </span>
     <span class='ocr_line' id='line_1_17' title="bbox 71 1515 455 1596; baseline 0.003 -20"><span class='ocrx_word' id='word_1_109' title='bbox 71 1518 208 1596; x_wconf 83' lang='lat' dir='ltr'>rotisque</span> <span class='ocrx_word' id='word_1_110' title='bbox 231 1515 356 1596; x_wconf 83' lang='lat' dir='ltr'>fatigare</span> <span class='ocrx_word' id='word_1_111' title='bbox 376 1517 455 1577; x_wconf 86' lang='lat' dir='ltr'>deos.</span> 
     </span>
    </p>

    <p class='ocr_par' dir='ltr' id='par_1_4' title="bbox 60 1597 929 3032">
     <span class='ocr_line' id='line_1_18' title="bbox 116 1597 853 1679; baseline -0.005 -20"><span class='ocrx_word' id='word_1_112' title='bbox 116 1597 233 1659; x_wconf 92' lang='lat' dir='ltr'><strong>XXlX.</strong></span> <span class='ocrx_word' id='word_1_113' title='bbox 264 1599 338 1658; x_wconf 83' lang='lat' dir='ltr'>Tam</span> <span class='ocrx_word' id='word_1_114' title='bbox 361 1598 497 1656; x_wconf 80' lang='lat' dir='ltr'>sollicite</span> <span class='ocrx_word' id='word_1_115' title='bbox 520 1618 552 1656; x_wconf 87' lang='lat' dir='ltr'>ac</span> <span class='ocrx_word' id='word_1_116' title='bbox 572 1617 718 1679; x_wconf 83' lang='lat' dir='ltr'>snspensae</span> <span class='ocrx_word' id='word_1_117' title='bbox 738 1599 853 1658; x_wconf 80' lang='lat' dir='ltr'>civitati</span> 
     </span>
     <span class='ocr_line' id='line_1_19' title="bbox 66 1674 890 1760; baseline -0.001 -22"><span class='ocrx_word' id='word_1_118' title='bbox 66 1676 146 1738; x_wconf 83' lang='lat' dir='ltr'>ferna</span> <span class='ocrx_word' id='word_1_119' title='bbox 160 1680 271 1738; x_wconf 85' lang='lat' dir='ltr'>incerta</span> <span class='ocrx_word' id='word_1_120' title='bbox 286 1678 386 1760; x_wconf 77' lang='lat' dir='ltr'>prim‘b</span> <span class='ocrx_word' id='word_1_121' title='bbox 399 1678 521 1748; x_wconf 82' lang='lat' dir='ltr'>accidit,</span> <span class='ocrx_word' id='word_1_122' title='bbox 537 1677 608 1739; x_wconf 91' lang='lat' dir='ltr'>duos</span> <span class='ocrx_word' id='word_1_123' title='bbox 621 1679 736 1757; x_wconf 90' lang='lat' dir='ltr'>equites</span> <span class='ocrx_word' id='word_1_124' title='bbox 748 1681 780 1738; x_wconf 90' lang='lat' dir='ltr'>in</span> <span class='ocrx_word' id='word_1_125' title='bbox 792 1698 855 1739; x_wconf 87' lang='lat' dir='ltr'>cas·</span> <span class='ocrx_word' id='word_1_126' title='bbox 887 1674 890 1681; x_wconf 86' lang='grc'><strong>’</strong></span> 
     </span>
     <span class='ocr_line' id='line_1_20' title="bbox 68 1757 854 1840; baseline 0.003 -24"><span class='ocrx_word' id='word_1_127' title='bbox 68 1769 136 1830; x_wconf 80' lang='lat' dir='ltr'>tra,</span> <span class='ocrx_word' id='word_1_128' title='bbox 158 1779 220 1838; x_wconf 84' lang='lat' dir='ltr'>quae</span> <span class='ocrx_word' id='word_1_129' title='bbox 242 1760 274 1817; x_wconf 89' lang='lat' dir='ltr'>in</span> <span class='ocrx_word' id='word_1_130' title='bbox 290 1759 422 1818; x_wconf 83' lang='lat' dir='ltr'>faucibus</span> <span class='ocrx_word' id='word_1_131' title='bbox 443 1757 576 1820; x_wconf 80' lang='lat' dir='ltr'>Umbriae</span> <span class='ocrx_word' id='word_1_132' title='bbox 591 1760 729 1840; x_wconf 84' lang='lat' dir='ltr'>opposite</span> <span class='ocrx_word' id='word_1_133' title='bbox 747 1770 854 1834; x_wconf 85' lang='lat' dir='ltr'>erent,</span> 
     </span>
     <span class='ocr_line' id='line_1_21' title="bbox 65 1837 850 1919; baseline 0.006 -25"><span class='ocrx_word' id='word_1_134' title='bbox 65 1841 180 1899; x_wconf 77' lang='lat' dir='ltr'>¹venisse</span> <span class='ocrx_word' id='word_1_135' title='bbox 206 1860 245 1897; x_wconf 88' lang='lat' dir='ltr'>ex</span> <span class='ocrx_word' id='word_1_136' title='bbox 267 1837 395 1919; x_wconf 77' lang='lat' dir='ltr'>praelio,</span> <span class='ocrx_word' id='word_1_137' title='bbox 424 1840 597 1898; x_wconf 86' lang='lat' dir='ltr'>nunciantes</span> <span class='ocrx_word' id='word_1_138' title='bbox 622 1859 712 1899; x_wconf 75' lang='lat' dir='ltr'>cesos</span> <span class='ocrx_word' id='word_1_139' title='bbox 740 1840 850 1900; x_wconf 87' lang='lat' dir='ltr'>hostes.</span> 
     </span>
     <span class='ocr_line' id='line_1_22' title="bbox 66 1918 860 1990; baseline 0.001 -12"><span class='ocrx_word' id='word_1_140' title='bbox 66 1918 185 1979; x_wconf 80' lang='lat' dir='ltr'>Litterae</span> <span class='ocrx_word' id='word_1_141' title='bbox 212 1918 317 1978; x_wconf 72' lang='lat' dir='ltr'>deiude</span> <span class='ocrx_word' id='word_1_142' title='bbox 341 1920 376 1979; x_wconf 86' lang='lat' dir='ltr'>ab</span> <span class='ocrx_word' id='word_1_143' title='bbox 407 1918 441 1978; x_wconf 93' lang='lat' dir='ltr'>L.</span> <span class='ocrx_word' id='word_1_144' title='bbox 468 1919 581 1978; x_wconf 86' lang='lat' dir='ltr'>Manlio</span> <span class='ocrx_word' id='word_1_145' title='bbox 603 1920 730 1979; x_wconf 78' lang='lat' dir='ltr'>Acidino</span> <span class='ocrx_word' id='word_1_146' title='bbox 752 1925 860 1990; x_wconf 71' lang='lat' dir='ltr'>missar⁸</span> 
     </span>
     <span class='ocr_line' id='line_1_23' title="bbox 67 1992 850 2080; baseline 0.009 -26"><span class='ocrx_word' id='word_1_147' title='bbox 67 2016 105 2054; x_wconf 83' lang='lat' dir='ltr'>ex</span> <span class='ocrx_word' id='word_1_148' title='bbox 120 1992 224 2058; x_wconf 83' lang='lat' dir='ltr'>castris</span> <span class='ocrx_word' id='word_1_149' title='bbox 237 1999 401 2058; x_wconf 71' lang='lat' dir='ltr'>afferuntur</span> <span class='ocrx_word' id='word_1_150' title='bbox 419 1999 454 2056; x_wconf 89' lang='lat' dir='ltr'>de</span> <span class='ocrx_word' id='word_1_151' title='bbox 474 2000 604 2076; x_wconf 85' lang='lat' dir='ltr'>equitum</span> <span class='ocrx_word' id='word_1_152' title='bbox 618 2001 750 2061; x_wconf 89' lang='lat' dir='ltr'>adventu.</span> <span class='ocrx_word' id='word_1_153' title='bbox 767 2001 850 2080; x_wconf 86' lang='lat' dir='ltr'>lpsos</span> 
     </span>
     <span class='ocr_line' id='line_1_24' title="bbox 66 2077 850 2156; baseline 0.01 -20"><span class='ocrx_word' id='word_1_154' title='bbox 66 2080 301 2156; x_wconf 69' lang='lat' dir='ltr'>appropinquare</span> <span class='ocrx_word' id='word_1_155' title='bbox 323 2078 437 2155; x_wconf 84' lang='lat' dir='ltr'>legatos</span> <span class='ocrx_word' id='word_1_156' title='bbox 453 2077 574 2135; x_wconf 85' lang='lat' dir='ltr'>allatum</span> <span class='ocrx_word' id='word_1_157' title='bbox 597 2090 651 2138; x_wconf 86' lang='lat' dir='ltr'>est.</span> <span class='ocrx_word' id='word_1_158' title='bbox 677 2081 850 2144; x_wconf 85' lang='lat' dir='ltr'>Tumenim</span> 
     </span>
     <span class='ocr_line' id='line_1_25' title="bbox 66 2157 929 2240; baseline 0.012 -27"><span class='ocrx_word' id='word_1_159' title='bbox 66 2157 136 2214; x_wconf 86' lang='lat' dir='ltr'>verb</span> <span class='ocrx_word' id='word_1_160' title='bbox 151 2158 245 2216; x_wconf 87' lang='lat' dir='ltr'>omnis</span> <span class='ocrx_word' id='word_1_161' title='bbox 257 2169 331 2216; x_wconf 77' lang='lat' dir='ltr'>aetas</span> <span class='ocrx_word' id='word_1_162' title='bbox 344 2177 460 2216; x_wconf 87' lang='lat' dir='ltr'>currere</span> <span class='ocrx_word' id='word_1_163' title='bbox 479 2158 581 2229; x_wconf 81' lang='lat' dir='ltr'>obuii,</span> <span class='ocrx_word' id='word_1_164' title='bbox 601 2161 713 2238; x_wconf 86' lang='lat' dir='ltr'>primus</span> <span class='ocrx_word' id='word_1_165' title='bbox 725 2163 848 2240; x_wconf 83' lang='lat' dir='ltr'>quisque</span> <span class='ocrx_word' id='word_1_166' title='bbox 922 2185 929 2201; x_wconf 80' lang='lat'><strong><em>¹</em></strong></span> 
     </span>
     <span class='ocr_line' id='line_1_26' title="bbox 67 2236 848 2316; baseline 0.009 -22"><span class='ocrx_word' id='word_1_167' title='bbox 67 2237 162 2296; x_wconf 88' lang='lat' dir='ltr'>oculis</span> <span class='ocrx_word' id='word_1_168' title='bbox 185 2236 361 2314; x_wconf 84' lang='lat' dir='ltr'>auribusque</span> <span class='ocrx_word' id='word_1_169' title='bbox 376 2237 492 2295; x_wconf 89' lang='lat' dir='ltr'>haurire</span> <span class='ocrx_word' id='word_1_170' title='bbox 512 2247 623 2296; x_wconf 79' lang='lat' dir='ltr'>tentum</span> <span class='ocrx_word' id='word_1_171' title='bbox 636 2241 777 2316; x_wconf 82' lang='lat' dir='ltr'>gaudium</span> <span class='ocrx_word' id='word_1_172' title='bbox 797 2260 848 2301; x_wconf 89' lang='lat' dir='ltr'>cu-</span> 
     </span>
     <span class='ocr_line' id='line_1_27' title="bbox 63 2315 847 2398; baseline 0.01 -25"><span class='ocrx_word' id='word_1_173' title='bbox 63 2317 191 2398; x_wconf 88' lang='lat' dir='ltr'>pientes.</span> <span class='ocrx_word' id='word_1_174' title='bbox 213 2315 260 2376; x_wconf 81' lang='lat' dir='ltr'>Ad</span> <span class='ocrx_word' id='word_1_175' title='bbox 281 2316 428 2376; x_wconf 88' lang='lat' dir='ltr'>Mulvium</span> <span class='ocrx_word' id='word_1_176' title='bbox 446 2337 537 2396; x_wconf 88' lang='lat' dir='ltr'>usque</span> <span class='ocrx_word' id='word_1_177' title='bbox 557 2331 677 2395; x_wconf 88' lang='lat' dir='ltr'>pontem</span> <span class='ocrx_word' id='word_1_178' title='bbox 694 2322 847 2383; x_wconf 86' lang='lat' dir='ltr'>continens</span> 
     </span>
     <span class='ocr_line' id='line_1_28' title="bbox 64 2397 849 2480; baseline 0.008 -25"><span class='ocrx_word' id='word_1_179' title='bbox 64 2417 168 2474; x_wconf 86' lang='lat' dir='ltr'>agmen</span> <span class='ocrx_word' id='word_1_180' title='bbox 198 2399 343 2476; x_wconf 82' lang='lat' dir='ltr'>pervenit.</span> <span class='ocrx_word' id='word_1_181' title='bbox 385 2397 567 2459; x_wconf 76' lang='lat' dir='ltr'>circumfusi</span> <span class='ocrx_word' id='word_1_182' title='bbox 601 2402 697 2459; x_wconf 87' lang='lat' dir='ltr'>omnis</span> <span class='ocrx_word' id='word_1_183' title='bbox 728 2405 849 2480; x_wconf 77' lang='lat' dir='ltr'>generis</span> 
     </span>
     <span class='ocr_line' id='line_1_29' title="bbox 64 2475 874 2560; baseline 0.01 -25"><span class='ocrx_word' id='word_1_184' title='bbox 64 2475 218 2536; x_wconf 91' lang='lat' dir='ltr'>hominum</span> <span class='ocrx_word' id='word_1_185' title='bbox 250 2476 416 2556; x_wconf 73' lang='lat' dir='ltr'>frequentib</span> <span class='ocrx_word' id='word_1_186' title='bbox 446 2480 478 2536; x_wconf 87' lang='lat' dir='ltr'>in</span> <span class='ocrx_word' id='word_1_187' title='bbox 503 2478 599 2538; x_wconf 82' lang='lat' dir='ltr'>lorum</span> <span class='ocrx_word' id='word_1_188' title='bbox 627 2495 846 2560; x_wconf 80' lang='lat' dir='ltr'>perveneruut3</span> <span class='ocrx_word' id='word_1_189' title='bbox 871 2552 874 2556; x_wconf 22' lang='lat'><strong>⁴</strong></span> 
     </span>
     <span class='ocr_line' id='line_1_30' title="bbox 64 2556 846 2642; baseline 0.01 -25"><span class='ocrx_word' id='word_1_190' title='bbox 64 2575 132 2618; x_wconf 89' lang='lat' dir='ltr'>curn</span> <span class='ocrx_word' id='word_1_191' title='bbox 155 2558 206 2615; x_wconf 86' lang='lat' dir='ltr'>alii</span> <span class='ocrx_word' id='word_1_192' title='bbox 224 2556 305 2636; x_wconf 87' lang='lat' dir='ltr'>ipsos</span> <span class='ocrx_word' id='word_1_193' title='bbox 323 2601 331 2630; x_wconf 88' lang='lat'><strong><em>,</em></strong></span> <span class='ocrx_word' id='word_1_194' title='bbox 353 2556 406 2616; x_wconf 89' lang='lat' dir='ltr'>alii</span> <span class='ocrx_word' id='word_1_195' title='bbox 419 2560 544 2617; x_wconf 84' lang='lat' dir='ltr'>comites</span> <span class='ocrx_word' id='word_1_196' title='bbox 564 2578 765 2642; x_wconf 84' lang='lat' dir='ltr'>eorum,&#39;quae</span> <span class='ocrx_word' id='word_1_197' title='bbox 778 2577 846 2625; x_wconf 85' lang='lat' dir='ltr'>acta</span> 
     </span>
     <span class='ocr_line' id='line_1_31' title="bbox 63 2640 845 2720; baseline 0.008 -25"><span class='ocrx_word' id='word_1_198' title='bbox 63 2647 185 2711; x_wconf 86' lang='lat' dir='ltr'>esseut,</span> <span class='ocrx_word' id='word_1_199' title='bbox 202 2647 482 2717; x_wconf 83' lang='lat' dir='ltr'>percunctarentur:</span> <span class='ocrx_word' id='word_1_200' title='bbox 504 2648 534 2696; x_wconf 83' lang='lat' dir='ltr'>et</span> <span class='ocrx_word' id='word_1_201' title='bbox 555 2650 584 2697; x_wconf 90' lang='lat' dir='ltr'>ut</span> <span class='ocrx_word' id='word_1_202' title='bbox 602 2640 727 2720; x_wconf 88' lang='lat' dir='ltr'>quisque</span> <span class='ocrx_word' id='word_1_203' title='bbox 743 2645 845 2703; x_wconf 84' lang='lat' dir='ltr'>audia-</span> 
     </span>
     <span class='ocr_line' id='line_1_32' title="bbox 61 2716 845 2802; baseline 0.001 -26"><span class='ocrx_word' id='word_1_204' title='bbox 61 2716 126 2788; x_wconf 77' lang='lat' dir='ltr'>rat,</span> <span class='ocrx_word' id='word_1_205' title='bbox 146 2716 310 2777; x_wconf 85' lang='lat' dir='ltr'>exercitum</span> <span class='ocrx_word' id='word_1_206' title='bbox 332 2716 459 2787; x_wconf 81' lang='lat' dir='ltr'>hostium</span> <span class='ocrx_word' id='word_1_207' title='bbox 480 2719 747 2802; x_wconf 84' lang='lat' dir='ltr'>imperatoremque</span> <span class='ocrx_word' id='word_1_208' title='bbox 764 2726 845 2784; x_wconf 89' lang='lat' dir='ltr'>occi.</span> 
     </span>
     <span class='ocr_line' id='line_1_33' title="bbox 61 2795 844 2877; baseline 0.011 -20"><span class='ocrx_word' id='word_1_209' title='bbox 61 2815 150 2867; x_wconf 80' lang='lat' dir='ltr'>sum,</span> <span class='ocrx_word' id='word_1_210' title='bbox 185 2795 317 2877; x_wconf 79' lang='lat' dir='ltr'>legiones</span> <span class='ocrx_word' id='word_1_211' title='bbox 349 2797 492 2858; x_wconf 85' lang='lat' dir='ltr'>Romanas</span> <span class='ocrx_word' id='word_1_212' title='bbox 523 2798 713 2871; x_wconf 82' lang='lat' dir='ltr'>incolumes,</span> <span class='ocrx_word' id='word_1_213' title='bbox 749 2804 844 2866; x_wconf 77' lang='lat' dir='ltr'>salvos</span> 
     </span>
     <span class='ocr_line' id='line_1_34' title="bbox 60 2877 844 2964; baseline 0.008 -28"><span class='ocrx_word' id='word_1_214' title='bbox 60 2877 197 2936; x_wconf 86' lang='lat' dir='ltr'>consules</span> <span class='ocrx_word' id='word_1_215' title='bbox 218 2896 305 2949; x_wconf 87' lang='lat' dir='ltr'>esse,</span> <span class='ocrx_word' id='word_1_216' title='bbox 331 2878 483 2960; x_wconf 84' lang='lat' dir='ltr'>extemplo</span> <span class='ocrx_word' id='word_1_217' title='bbox 498 2879 563 2938; x_wconf 90' lang='lat' dir='ltr'>aliis</span> <span class='ocrx_word' id='word_1_218' title='bbox 578 2885 667 2960; x_wconf 81' lang='lat' dir='ltr'>porro</span> <span class='ocrx_word' id='word_1_219' title='bbox 686 2885 844 2964; x_wconf 67' lang='lat' dir='ltr'>impertie-</span> 
     </span>
     <span class='ocr_line' id='line_1_35' title="bbox 61 2955 401 3032; baseline 0.006 -16"><span class='ocrx_word' id='word_1_220' title='bbox 61 2955 131 3016; x_wconf 81' lang='lat' dir='ltr'>bant</span> <span class='ocrx_word' id='word_1_221' title='bbox 149 2957 286 3032; x_wconf 79' lang='lat' dir='ltr'>gaudium</span> <span class='ocrx_word' id='word_1_222' title='bbox 306 2977 401 3018; x_wconf 86' lang='lat' dir='ltr'>suum.</span> 
     </span>
    </p>

    <p class='ocr_par' dir='ltr' id='par_1_5' title="bbox 59 3034 843 3282">
     <span class='ocr_line' id='line_1_36' title="bbox 102 3034 843 3126; baseline 0.009 -30"><span class='ocrx_word' id='word_1_223' title='bbox 102 3034 203 3096; x_wconf 88' lang='lat' dir='ltr'><strong>XXX.</strong></span> <span class='ocrx_word' id='word_1_224' title='bbox 217 3038 293 3098; x_wconf 83' lang='lat' dir='ltr'>cum</span> <span class='ocrx_word' id='word_1_225' title='bbox 307 3040 381 3114; x_wconf 72' lang='lat' dir='ltr'>agre</span> <span class='ocrx_word' id='word_1_226' title='bbox 395 3040 550 3100; x_wconf 84' lang='lat' dir='ltr'>incuriam</span> <span class='ocrx_word' id='word_1_227' title='bbox 565 3053 843 3126; x_wconf 75' lang='lat' dir='ltr'>perventumesset,</span> 
     </span>
     <span class='ocr_line' id='line_1_37' title="bbox 60 3115 843 3193; baseline 0.01 -17"><span class='ocrx_word' id='word_1_228' title='bbox 60 3115 156 3176; x_wconf 80' lang='lat' dir='ltr'>mult&#39;o</span> <span class='ocrx_word' id='word_1_229' title='bbox 169 3117 273 3193; x_wconf 79' lang='lat' dir='ltr'>aegribs</span> <span class='ocrx_word' id='word_1_230' title='bbox 289 3120 430 3177; x_wconf 75' lang='lat' dir='ltr'>summoti</span> <span class='ocrx_word' id='word_1_231' title='bbox 445 3122 526 3179; x_wconf 70' lang='lat' dir='ltr'>turbal</span> <span class='ocrx_word' id='word_1_232' title='bbox 539 3140 575 3180; x_wconf 85' lang='lat' dir='ltr'>ue</span> <span class='ocrx_word' id='word_1_233' title='bbox 589 3121 722 3189; x_wconf 83' lang='lat' dir='ltr'>Patribus</span> <span class='ocrx_word' id='word_1_234' title='bbox 736 3123 843 3184; x_wconf 85' lang='lat' dir='ltr'>misce·</span> 
     </span>
     <span class='ocr_line' id='line_1_38' title="bbox 59 3193 842 3282; baseline 0.005 -24"><span class='ocrx_word' id='word_1_235' title='bbox 59 3208 159 3270; x_wconf 85' lang='lat' dir='ltr'>retur,</span> <span class='ocrx_word' id='word_1_236' title='bbox 174 3193 286 3255; x_wconf 80' lang='lat' dir='ltr'>litteroe</span> <span class='ocrx_word' id='word_1_237' title='bbox 302 3198 330 3256; x_wconf 92' lang='lat' dir='ltr'>in</span> <span class='ocrx_word' id='word_1_238' title='bbox 342 3209 443 3260; x_wconf 85' lang='lat' dir='ltr'>senatu</span> <span class='ocrx_word' id='word_1_239' title='bbox 456 3200 587 3258; x_wconf 71' lang='lat' dir='ltr'>recitate</span> <span class='ocrx_word' id='word_1_240' title='bbox 598 3212 673 3258; x_wconf 88' lang='lat' dir='ltr'>sunt.</span> <span class='ocrx_word' id='word_1_241' title='bbox 689 3207 755 3282; x_wconf 85' lang='lat' dir='ltr'>(ro)</span> <span class='ocrx_word' id='word_1_242' title='bbox 768 3202 842 3262; x_wconf 72' lang='lat' dir='ltr'>lude</span> 
     </span>
    </p>
   </div>
   <div class='ocr_carea' id='block_1_3' title="bbox 57 3290 948 3544">
    <p class='ocr_par' dir='ltr' id='par_1_6' title="bbox 57 3290 948 3544">
     <span class='ocr_line' id='line_1_39' title="bbox 96 3290 861 3374; baseline 0.008 -24"><span class='ocrx_word' id='word_1_243' title='bbox 96 3319 127 3352; x_wconf 92' lang='grc' dir='ltr'>ιο</span> <span class='ocrx_word' id='word_1_244' title='bbox 159 3299 255 3367; x_wconf 71' lang='lat' dir='ltr'>(Inde</span> <span class='ocrx_word' id='word_1_245' title='bbox 279 3300 431 3369; x_wconf 83' lang='lat' dir='ltr'>producti)</span> <span class='ocrx_word' id='word_1_246' title='bbox 467 3290 861 3374; x_wconf 64' lang='lat' dir='ltr'>trna-nistrartbuslegerim-&#39;⁸</span> 
     </span>
     <span class='ocr_line' id='line_1_40' title="bbox 59 3339 841 3441; baseline 0.012 -23"><span class='ocrx_word' id='word_1_247' title='bbox 59 3367 174 3418; x_wconf 84' lang='lat' dir='ltr'>Verbum</span> <span class='ocrx_word' id='word_1_248' title='bbox 182 3367 226 3418; x_wconf 84' lang='lat' dir='ltr'>hic</span> <span class='ocrx_word' id='word_1_249' title='bbox 234 3370 378 3432; x_wconf 86' lang='lat' dir='ltr'>proprium.</span> <span class='ocrx_word' id='word_1_250' title='bbox 392 3371 434 3419; x_wconf 84' lang='lat' dir='ltr'>In·</span> <span class='ocrx_word' id='word_1_251' title='bbox 449 3418 452 3430; x_wconf 83' lang='grc'>,</span> <span class='ocrx_word' id='word_1_252' title='bbox 466 3339 633 3423; x_wconf 71' lang='lat' dir='ltr'>‹tucrlarrrur</span> <span class='ocrx_word' id='word_1_253' title='bbox 646 3373 677 3423; x_wconf 80' lang='lat' dir='ltr'>erl</span> <span class='ocrx_word' id='word_1_254' title='bbox 693 3360 841 3441; x_wconf 77' lang='lat' dir='ltr'>popullrnr,</span> 
     </span>
     <span class='ocr_line' id='line_1_41' title="bbox 57 3394 948 3544; baseline 0.004 -58"><span class='ocrx_word' id='word_1_255' title='bbox 57 3433 433 3492; x_wconf 73' lang='lat' dir='ltr'>traducebantur-insanarum</span> <span class='ocrx_word' id='word_1_256' title='bbox 467 3439 521 3491; x_wconf 77' lang='lat' dir='ltr'>sire</span> <span class='ocrx_word' id='word_1_257' title='bbox 530 3439 561 3490; x_wconf 88' lang='lat' dir='ltr'>in</span> <span class='ocrx_word' id='word_1_258' title='bbox 569 3439 740 3499; x_wconf 61' lang='lat' dir='ltr'>concionem.</span> <span class='ocrx_word' id='word_1_259' title='bbox 864 3394 948 3544; x_wconf 56' lang='grc' dir='ltr'><strong><em>Ι</em></strong></span> 
     </span>
    </p>
   </div>
   <div class='ocr_carea' id='block_1_4' title="bbox 0 0 1012 3780">
    <p class='ocr_par' dir='ltr' id='par_1_7' title="bbox 0 0 1012 3780">
     <span class='ocr_line' id='line_1_42' title="bbox 0 0 1012 3780; baseline 0 4"><span class='ocrx_word' id='word_1_260' title='bbox 0 0 1012 3780; x_wconf 95' lang='lat' dir='ltr'> </span> 
     </span>
    </p>
   </div>
  </div>
 </body>
</html>
