2016 3780
171 204 210 269 18
393 194 519 264 Trrr
564 193 720 263 Lrvrr

49 328 155 394 *Pugna
207 295 323 362 XXXI.
345 297 445 358 Primo
471 299 571 358 statim
597 308 758 376 conspectu
780 306 949 376 contempta

37 389 155 438 interae·
168 380 317 459 paucitas:
335 397 369 438 ac
392 378 449 439 sibi
473 378 595 456 quisque
617 378 778 455 deposcere
797 376 950 454 pellendos

38 449 237 556 {tglffiindd
269 458 369 517 hostes
402 476 435 517 ac
462 456 560 516 locum
585 456 768 549 sepiendum.
790 456 861 516 Dux
884 458 950 536 ipse

20 2741 25 2751 ⁶
61 2770 65 2797 r

20 2812 30 2937 i
91 2910 96 2915 .

39 568 108 618 ctum.
166 550 245 600 anter
256 537 464 597 stolidissimos
484 536 742 615 ferocissrmosque
760 535 795 596 ad
808 555 886 597 arma
900 554 951 595 vo·

165 630 231 692 cat,
249 628 279 675 et
303 616 384 677 vanis
400 616 505 677 animis
521 629 551 676 et
565 616 655 677 minis
676 616 950 696 increpatlrostern.

64 721 70 728 ·
166 697 321 776 Principio
347 699 443 756 levem
466 707 660 770 armaturam,
691 695 799 755 deinde
816 696 953 755 corrlerto

168 779 286 857 agmine
307 777 401 837 mittit
429 778 544 857 equites
567 798 573 835 :
597 779 768 857 postremi),
791 796 860 836 cum
882 776 955 836 hos-

120 877 122 883 ’
167 858 247 918 tibus
264 876 381 936 quoque
403 857 536 917 subsidia
548 856 627 917 mitti
650 856 780 928 videret,
797 857 953 917 instructis

166 937 337 1016 legionibus
359 938 502 1018 procedit.
528 939 566 999 Et
595 937 722 998 Annibal
751 935 954 1006 laborantibus

168 1021 230 1079 auis
247 1017 306 1078 alia
319 1028 407 1095 atque
428 1017 500 1090 alia,
520 1027 670 1079 crescente
680 1017 861 1088 certamine,
882 1017 954 1076 mit-

168 1110 233 1158 tens
250 1097 360 1156 auxilia
381 1097 513 1177 peditum
534 1097 747 1178 equitumque,
768 1098 829 1176 jam
843 1099 955 1176 justam

169 1178 340 1258 expleverat
366 1178 484 1248 aciem,
509 1194 542 1233 ac
569 1177 638 1236 totis
670 1178 806 1250 utrinque
840 1176 956 1237 viribus

169 1257 344 1319 certabatur.
373 1256 473 1329 Prima
490 1253 563 1314 levis
584 1268 731 1316 armatura
753 1255 956 1315 Romanorum

192 1347 406 1414 reoccupatum
430 1334 572 1394 interiore
594 1334 662 1396 loco
685 1335 842 1397 succedens
857 1345 957 1396 tumu-

169 1357 255 1489 lum,
278 1415 362 1495 pulsa
391 1413 566 1494 detrusaque
583 1427 727 1475 terrorem
745 1415 776 1474 in
793 1415 956 1485 succeden-

170 1507 230 1556 tem
258 1496 360 1557 intulit
383 1497 547 1576 equitem,
576 1507 606 1554 et
623 1496 657 1556 ad
683 1497 765 1575 signa
798 1497 957 1574 legionum

173 1577 292 1654 refugit.
321 1575 458 1637 Peditum
484 1575 564 1636 acies
584 1577 662 1635 inter
678 1575 829 1657 perculsos
855 1579 956 1657 impa-

166 1657 235 1723 ,vida
253 1654 316 1715 sola
340 1667 420 1729 erat,
446 1655 679 1733 videbaturque,
704 1659 729 1715 si
754 1657 828 1733 justa
854 1667 905 1715 aut
928 1657 956 1715 si

169 1738 239 1809 (22)
257 1746 336 1795 recta
366 1753 466 1814 pugna
487 1746 587 1808 esset,
614 1734 835 1814 haudquaquam
858 1735 956 1813 impar

168 1813 265 1873 lutura
282 1835 288 1873 :
303 1813 417 1872 tantum
429 1814 593 1874 animorum
613 1812 722 1877 lecerat
735 1816 875 1896 prospere
887 1816 957 1875 antd

169 1911 280 1975 paucos
303 1891 433 1955 diesres
454 1904 545 1974 gesta.
562 1894 616 1954 Sed
634 1894 732 1955 exorti
749 1895 871 1975 repente
884 1895 957 1954 insi-

161 1972 400 2049 „diatorer,‚eum
422 1975 580 2041 tumultum
604 1985 804 2053 terroremque
820 1976 850 2032 in
863 1976 957 2035 latera

171 2055 311 2134 utrinque
322 2055 359 2115 ab
373 2066 515 2137 tergoque
526 2055 707 2118 incursantes
723 2100 732 2129 ‚
748 2054 903 2127 lecerunt,
923 2063 958 2113 ut

172 2152 268 2214 neque
298 2138 414 2229 animus
438 2137 474 2198 ad
507 2157 660 2223 pugnam,
685 2157 780 2217 neque
802 2133 957 2212 adingam

172 2227 590 2356 stXXlluan'idddel‘edliids
622 2298 720 2376 primo
749 2264 877 2355 clamore
902 2314 957 2374 pa-

42 2358 162 2469 ‘'‘ffrfflff
173 2374 303 2464 rentium
325 2372 444 2444 audito,
467 2373 537 2433 dein
548 2377 707 2456 conspecti
720 2377 824 2456 procul
837 2374 958 2435 turbata

173 2469 260 2516 acre.
280 2450 324 2509 ltd
342 2463 407 2522 est,
424 2452 539 2527 inquit,
565 2454 633 2532 (23)
657 2479 711 2516 aon
735 2455 850 2515 celeriris
871 2455 958 2592 qusint

172 2535 253 2593 timui
265 2574 273 2605 ,
302 2531 482 2611 deprehendit
507 2538 621 2605 fortuna
647 2530 852 2597 temeritatem
891 2534 958 2593 abio

170 2616 296 2690 aequbtus
312 2616 453 2690 imperio,
481 2613 648 2689 Annibalem
672 2629 702 2677 at
729 2621 829 2676 virtute
845 2624 874 2672 et
888 2617 959 2680 for·

171 2691 238 2750 tund
263 2695 430 2775 superiorem
448 2698 532 2755 vider.
552 2694 608 2756 Sed
628 2695 707 2757 aliud
730 2694 862 2778 jurgandi
893 2711 960 2748 suc-

103 2804 111 2815 =
171 2772 354 2849 censendique
371 2784 479 2853 tempus
500 2778 565 2838 erit.
592 2776 673 2837 Nunc
689 2779 770 2853 signa
793 2767 878 2844 extrd
892 2771 958 2830 val-

151 2848 231 2909 'lum
264 2854 397 2928 proferte.
436 2853 589 2916 Victoriam
621 2857 695 2916 desti
708 2862 958 2931 extorqueantur,

20 2958 31 3017 ξ.
53 2992 72 3021 4
170 2931 368 3000 consessionem
384 2939 486 2996 erroris
507 2939 621 2996 ciuibus.

106 3112 112 3117 ·
196 3090 548 3162 aa(liectapugna)Eatiti-
581 3100 687 3142 currant
698 3101 742 3140 ant
750 3089 839 3140 latera.

207 3212 210 3217 ,
239 3174 300 3208 vera
312 3157 541 3274 ‚legitimaqugnq
607 3161 639 3210 23
656 3160 720 3212 Non
731 3155 854 3208 celeribs
866 3149 955 3221 quddr

264 3223 394 3275 frontibus
429 3240 444 3274 a
463 3225 545 3275 versis
578 3223 658 3278 tr'rtrui
668 3225 678 3290 )
691 3223 810 3274 celeriter
827 3222 952 3290 quidem,

248 3306 277 3341 se
288 3288 488 3371 puguant‚non
497 3309 544 3358 per
577 3293 621 3344 sed
649 3308 705 3341 non
731 3288 840 3343 celeriris
863 3301 955 3341 tamen

251 3374 280 3411 aa
293 3395 301 3424 ,
312 3373 370 3428 que
379 3373 409 3413 ru
423 3369 492 3429 terga
502 3361 546 3414 in·
580 3359 659 3432 quim
670 3359 757 3412 timui.
