2016 3780
96 180 163 247 232
324 168 449 242 Trrr
494 165 654 240 Lrvrt

96 279 135 340 sd
163 277 304 375 Trebium
329 272 410 336 iacto
427 271 638 359 xsuperfuerunt
663 316 673 347 ‚
694 283 817 357 septem
831 270 882 332 eb-

100 369 363 516 ⁸⁰¹q¹lf³¹ssegoesw⁸
385 433 542 516 Apennino
554 432 636 492 retrb
647 430 682 492 sd
700 429 884 493 Placentiam

6 534 85 592 egre-
98 529 197 580 csstra
220 518 335 589 movit,
352 527 382 575 et
404 515 439 576 cd
456 513 562 574 decem
584 512 682 575 millia
707 532 885 591 progressus

31 623 39 638 ·
99 597 243 659 consedit.
264 598 386 657 Postero
413 594 461 654 die
491 591 647 654 duodecim
677 592 775 654 millia
789 593 885 735 pedi-

98 691 178 750 tum‚
204 679 333 758 quinque
357 675 492 756 equitum
507 672 644 735 adversus
660 673 775 735 hostem
809 674 882 740 neit,

97 761 163 821 Nec
177 759 368 837 Sempronius
383 752 487 815 consul
506 755 589 834 (jem
604 755 685 814 enirn
706 755 836 818 redierat
848 760 885 820 ab

97 838 191 899 Roma
205 842 218 914 )
231 837 407 896 detrectavit
417 843 567 901 certarnen
581 854 587 892 z
601 844 689 915 etque
700 855 737 896 eo
758 836 810 897 die
828 840 884 899 tris

96 917 193 979 millia
213 936 352 1000 passuum
369 916 448 973 inter
458 913 526 974 bine
541 925 637 974 castre
651 914 742 978 fuere.
763 918 886 980 Postero

97 997 146 1060 die
164 996 335 1078 ingentibus
354 995 491 1067 enimis,
511 993 592 1056 vetio
616 1007 744 1071 eventu,
770 1017 885 1079 pugna-

97 1090 165 1140 tum-
181 1090 238 1140 est.
260 1078 360 1138 Primo
382 1092 526 1137 concursu
543 1073 617 1134 cdeb
628 1094 675 1136 res
687 1077 818 1139 Romane
832 1090 888 1138 su-¹

96 1159 199 1242 perior
216 1157 271 1218 tuit
288 1203 297 1232 ‚
313 1169 346 1217 ut
360 1175 418 1216 non
437 1155 501 1214 acie
529 1155 678 1216 vincerent
692 1157 883 1232 soltimseed

97 1238 200 1320 pulsos
216 1240 315 1299 hostes
340 1240 372 1297 in
399 1245 493 1295 caetus
521 1248 789 1316 persequerentur3
809 1257 889 1298 moin

97 1330 192 1380 castra
220 1337 337 1398 quoque
370 1316 585 1400 oppugnarent.
624 1316 750 1378 Annibsl
780 1318 887 1400 paucis

97 1397 369 1481 propugnatoribus
382 1399 414 1455 in
431 1393 509 1455 vallo
523 1395 676 1478 portisque
691 1399 820 1479 positis,
836 1419 885 1460 ce·

98 1491 177 1539 teros
198 1476 347 1540 confertos
359 1479 391 1536 in
402 1474 499 1535 media
522 1486 620 1537 castra
635 1480 769 1560 recepit,
784 1480 884 1539 inten-

21 1627 25 1633 ,
97 1569 202 1639 tosque
224 1557 392 1637 signumad
414 1555 778 1641 erumpendumspectare
789 1561 881 1639 jubet.

97 1640 168 1704 dem
192 1658 267 1699 nona
291 1638 385 1698 ferme
407 1636 467 1696 diei
488 1635 656 1712 horreret,
680 1638 747 1698 culm
773 1640 884 1700 Rorna-

97 1739 153 1780 nus
168 1764 178 1792 ‚
196 1722 391 1798 nequicquam
417 1715 541 1792 fatigato
564 1715 692 1790 milite,
725 1731 883 1800 postquem

97 1799 177 1859 nulla
193 1807 351 1936 spdesderat
379 1793 516 1876 potiundi
541 1795 670 1870 castris,
690 1799 809 1876 signum
830 1821 881 1860 re-

98 1877 200 1939 cetui
243 1877 318 1936 eit.

135 1899 190 2021 lli.
209 1957 297 2037 Quod
310 1954 360 2016 ubi
377 1952 503 2014 Annibal
518 1952 658 2037 accepim
695 1954 882 2040 laxatamque

97 2057 227 2120 pugnarn
251 2048 280 2099 et
304 2054 452 2097 recessum
474 2032 610 2096 icastris
626 2035 713 2111 vidit,
730 2039 883 2121 extemplb

98 2118 247 2198 equitibus
272 2115 374 2178 dextri
396 2115 518 2194 levique
549 2115 667 2178 emissis
688 2120 719 2178 in
739 2118 882 2195 hostem,

37 2198 42 2207 '
96 2200 166 2280 ipse
186 2218 254 2260 cum
274 2197 405 2279 pediturn
424 2195 532 2256 robore
548 2197 663 2274 medius
686 2202 792 2260 cestris
812 2220 881 2261 eru-

96 2281 153 2359 pit.
171 2280 269 2356 Pugna
280 2280 345 2337 rard
357 2277 417 2336 ulla
431 2278 526 2355 magis
538 2297 634 2351 seva,
650 2289 758 2340 etcum
770 2284 882 2340 utrius-

97 2378 155 2437 que
177 2358 269 2438 partis
289 2358 422 2436 pernicie
441 2355 550 2417 clarior
575 2357 695 2432 fuisset,
712 2361 738 2421 si
760 2360 879 2422 extendi

96 2458 162 2499 eam
178 2435 289 2496 diesin
309 2435 429 2512 longum
449 2437 578 2514 spatium
599 2437 724 2499 sivisset.
742 2441 810 2501 Nox
829 2459 881 2502 ac-

96 2537 217 2579 censum
240 2515 408 2594 ingentibus
429 2515 537 2575 animis
557 2515 689 2596 prelium
708 2518 838 2580 diremit.
886 2533 889 2540 '

137 2599 238 2676 ltaque
262 2597 359 2657 acrior
382 2614 540 2656 concursus
563 2595 620 2656 suit
647 2599 735 2678 quim
756 2599 880 2661 caedes:

98 2686 144 2747 et,
170 2679 248 2736 sicut
269 2686 378 2754 aequeta
394 2675 488 2735 ferme
506 2696 606 2756 pugna
631 2691 720 2753 erat,
741 2681 781 2738 ita
797 2679 879 2737 clade

96 2755 159 2836 pari
175 2754 323 2814 dicessum
348 2765 402 2814 est.
430 2755 477 2814 Ab
502 2768 603 2818 neutra
619 2770 704 2838 parte
730 2759 878 2820 sexcentis

95 2835 177 2914 plus*
191 2832 340 2912 peditibus
366 2844 396 2890 et
422 2831 576 2896 dimidium
592 2839 654 2913 eius
676 2837 808 2916 equitum
832 2855 879 2895 cc-

96 2914 179 2973 cidit.
196 2910 254 2972 Sed
268 2914 361 2990 major
381 2911 520 2972 Romanis
535 2958 544 2986 ,
559 2915 647 2992 quim
663 2916 876 2994 pronomem,

95 2996 208 3075 jactura
231 2990 287 3050 fuit¹
303 3010 309 3049 :
323 2991 392 3070 quie
410 2994 555 3068 equestris
572 2993 687 3054 ordinis
699 2994 811 3073 aliquot
824 3041 832 3069 ‚
847 3010 879 3057 et

96 3073 208 3134 tribuni
225 3072 352 3133 rnilitum
371 3072 522 3151 quinque,
537 3083 567 3131 et
581 3073 716 3154 preelecti
728 3077 877 3139 sociorum

95 3163 172 3228 tres,
189 3164 256 3216 sunt
282 3151 451 3214 interfecti·

109 3228 204 3311 '‘Vtt.
224 3234 388 3310 Secundum
412 3252 479 3295 esrn
499 3251 625 3316 pugnem
638 3235 763 3297 Annibal
778 3236 806 3296 in
824 3237 891 3298 Li„

35 3228 204 3544 ,ῃ
223 3316 414 3401 Sempronius
431 3314 543 3382 Lucem
564 3317 717 3399 concessit.
735 3318 893 3393 Venienti
