2016 3780
242 176 518 249 Nanntrro
565 177 636 246 LI.
777 120 842 249 idi

54 279 193 344 eeterbm
219 279 371 341 fortuitum
392 299 448 338 non
474 280 612 341 hostilem
638 298 671 339 ao
700 276 841 339 bellicum

55 364 157 442 ignem
178 364 231 421 rati
249 380 335 434 esse,
363 362 427 420 sirie
447 361 536 418 armis
555 362 589 418 ad
603 360 842 438 restinguendum

56 441 226 503 incendium
241 439 326 500 effusi
343 485 352 514 ‚
387 441 414 498 in
427 450 555 498 armatos
571 441 702 498 incidere
723 441 843 509 hostes,

14 522 17 527 ’
54 523 188 582 maxime
203 520 343 581 Numidas
359 520 394 578 ab
409 519 562 578 Masinissa
573 520 680 578 notitib
692 523 843 598 regiorum

7 634 9 639 ·
54 614 219 661 castrorum
248 599 282 659 ad
318 599 416 658 exitus
449 599 590 658 itinerum
620 599 735 659 idoneis
768 598 843 657 locis

54 681 224 760 dispositos.
238 678 349 739 Multos
361 681 392 737 in
406 680 480 756 ipris
491 678 641 738 cubilibus
651 679 842 739 semisomnos

56 761 156 820 hausit
194 759 309 818 flamma
343 781 350 817 t
388 761 478 816 muni
506 761 538 815 in
564 760 711 839 praecipiti
743 758 843 834 fugi,

54 853 175 899 ruentes
192 843 279 919 supe'r
292 839 365 898 alios
382 839 458 911 alii,
478 837 510 894 in
525 841 671 917 angustiis
688 850 843 921 portarum

54 921 158 980 obtriti
173 930 249 978 sunt.

97 1000 154 1066 IX.¹
180 999 373 1063 Relucentem
414 995 562 1056 flammam
596 997 694 1077 primb
730 994 838 1073 vigiles

57 1076 347 1154 Carthaginiensium
360 1121 368 1149 ‚
386 1077 491 1136 deinde
501 1079 623 1136 excitati
636 1076 686 1135 alii
699 1088 844 1136 nocturno

57 1158 186 1217 tumultu
202 1157 267 1216 crim
287 1160 510 1236 conspexissent
528 1200 537 1226 ,
573 1156 727 1216 abeodem
743 1173 843 1216 errore

54 1236 178 1296 credere
200 1248 231 1294 et
247 1238 308 1316 ipsi
330 1238 381 1296 sui
399 1248 504 1313 sponte
526 1237 697 1296 incendium
717 1246 841 1295 ortum:

57 1328 89 1377 et
111 1317 223 1376 clamor
248 1319 326 1377 inter
356 1315 467 1376 cedem
492 1326 522 1373 et
544 1317 662 1395 vulpera
685 1317 845 1387 sublatus,

60 1398 133 1472 (5)
156 1415 192 1455 an
213 1417 250 1455 ex
272 1396 468 1476 trepidatione
492 1395 631 1454 nocturni
652 1409 753 1468 esset,
776 1414 845 1455 con·

61 1475 143 1535 fusus
173 1519 181 1549 ,
210 1495 325 1535 sensum
348 1478 410 1535 veri
432 1474 585 1535 adimebat.
612 1477 707 1554 igitur
731 1495 785 1553 pro
811 1494 845 1534 ss

58 1557 184 1635 quisque
199 1556 354 1629 inermes,
381 1567 414 1616 nt
429 1557 534 1634 quibus
555 1555 630 1615 nibil
649 1557 756 1616 hostile
780 1574 844 1613 sus-

57 1646 179 1716 pectum
201 1645 302 1707 esset,
332 1636 467 1694 omnibus
492 1637 613 1715 portis,
648 1635 707 1716 qud
736 1635 845 1712 cuique

56 1718 228 1808 proximum
245 1726 331 1788 erat,
355 1737 387 1774 ea
405 1715 494 1775 modb
512 1760 521 1787 ‚
547 1735 610 1794 quae
628 1713 845 1792 restinguendo

56 1795 120 1872 igni
146 1792 267 1869 forent,
297 1807 469 1875 portantes,
494 1795 525 1852 in
548 1816 653 1874 agmen
677 1795 843 1855 Romanum

56 1873 188 1935 ruebant.
215 1875 332 1955 Quibus
352 1877 436 1941 cissis
455 1876 615 1946 omnibus,
648 1876 842 1955 praeterquim

57 1951 162 2012 hostili
174 1954 272 2028 odio,
295 1956 384 2014 etiam
403 1977 440 2012 ne
458 1957 523 2032 quis
540 1957 663 2015 nuncius
674 1954 840 2034 effugerat,

58 2033 210 2112 extemplo
229 2035 332 2112 Scipio
344 2034 511 2109 neglectas,
542 2036 617 2091 utin
634 2037 683 2092 tali
697 2031 841 2106 tumultu,

24 2150 36 2162 .
58 2121 161 2192 portas
187 2113 325 2172 invadit:
349 2112 525 2188 ignibusque
550 2113 581 2168 in
606 2113 739 2190 proxima
765 2124 843 2172 tecta

59 2191 226 2268 conjectis,
253 2190 346 2250 effusa
367 2189 485 2249 flamma
501 2191 598 2268 primb
619 2193 715 2250 >veluti
740 2210 842 2272 sparsa

59 2270 196 2352 pluribus
222 2271 296 2330 locis
315 2268 446 2344 reluxit,
471 2270 537 2333 dein
557 2291 609 2350 per
629 2273 766 2332 continua
784 2291 842 2330 ser.

57 2370 163 2434 pens,
205 2369 264 2410 uno
292 2353 414 2431 repente
443 2353 543 2410 omnia
566 2351 704 2411 incendio
733 2353 841 2415 hausit.

59 2432 196 2491 Ambusti
218 2431 351 2491 hominos
374 2433 582 2511 jumentaque,
603 2429 680 2490 foedt
709 2430 842 2512 primirm

59 2509 150 2585 fugi,
178 2509 247 2575 dein
267 2512 535 2590 strageobruerant
556 2511 663 2571 itinera
679 2523 840 2589 portarum.

61 2589 144 2664 Quos
167 2609 224 2648 non
246 2603 432 2671 oppresserat
450 2594 529 2670 ignis
546 2634 555 2663 ‚
571 2590 649 2650 terro
670 2592 838 2672 absumpti:

29 2730 33 2736 ,
60 2666 188 2746 binaque
205 2682 297 2731 castra
313 2669 395 2731 clade
412 2674 470 2731 una
483 2670 589 2731 deleta.

101 2749 141 2811 X.
161 2751 262 2810 Duces
286 2763 384 2811 tamen
402 2752 511 2820 ambo,
535 2761 565 2808 et
586 2770 622 2809 ex
640 2759 685 2808 tot
705 2748 840 2810 millibus

59 2841 241 2896 armatorum
259 2829 316 2890 duo
335 2829 429 2890 millia
450 2829 608 2913 peditum,
633 2841 663 2888 et
686 2831 841 2910 quingenti

94 2993 192 3060 5(Αή
203 3015 239 3048 ei:
248 2995 431 3064 trepidatione
464 3007 594 3046 nocturna
614 3007 682 3045 esset
703 3013 711 3042 e
731 2994 758 3043 id
780 3007 838 3057 est,

62 3074 193 3113 nocturna
201 3058 431 3130 esset‚coususus)
465 3062 510 3129 qui
522 3079 556 3111 an
568 3062 676 3112 oriretur'
688 3059 776 3119 exilia
789 3072 840 3110 tre-

62 3129 166 3183 Durum
178 3141 216 3176 est
229 3130 361 3193 protecto,
387 3129 432 3181 sed
465 3129 839 3196 pidatione‚quoenocturnum

63 3205 152 3245 tamen
161 3194 434 3263 videturexponipos·
466 3195 620 3245 incendium
631 3193 840 3261 comitarisoteu

64 3277 92 3310 se
106 3280 113 3318 ;
134 3261 234 3311 clamor
244 3262 367 3312 confusus
379 3260 435 3310 sive
468 3260 600 3317 Incertum
610 3270 673 3313 erat·

52 3326 436 3397 'incertussnaxnepidations
