2016 3780
190 236 252 314 148
424 227 547 295 T1u1
595 223 746 293 E1v11

186 325 313 395 Romano
331 331 413 409 Quiri
418 335 485 388 tium
502 333 554 387 vim
569 330 765 406 victoriamque
779 330 976 407 prosperetis:

188 415 332 491 hostesque
348 411 445 489 populi
465 412 582 479 llornoni
598 409 767 486 Quiritium,
783 414 980 479 terrore‚for-

187 497 292 556 midine
307 536 314 562 ,
334 503 478 568 niortoque
498 487 638 562 officialis.
664 487 743 546 Sicos
757 486 846 547 verbis
856 560 859 565 .
870 511 979 548 nuncu·

184 575 252 654 pavi
265 592 277 641 ,¹
307 569 347 627 iti
371 592 424 648 pro
448 567 588 646 republica
617 568 790 646 Quiritium,
822 573 976 641 exercitu,

188 648 367 727 legionibus,
393 644 514 707 euniliis
532 647 630 728 populi
654 649 772 708 Rouloni
798 647 974 723 Quiritium,

188 732 316 806 legiones
352 727 520 806 auxilioque
553 727 706 798 bostium,
744 748 886 801 mecum,
922 730 977 788 diis

187 808 329 883 Manibus
351 807 511 887 Tellurique
527 811 651 866 devoveo.

231 899 282 963 lV.
315 900 383 959 Haec
413 899 636 978 imprecatus,
661 897 782 956 lictores
808 897 854 959 ire
877 897 912 958 sd
936 897 977 959 T.

189 981 343 1045 Manlium
360 978 465 1059 jubet,
492 979 664 1056 maturique
689 976 810 1055 collogae
832 978 978 1039 se-devo-

191 1073 254 1130 ,tum
270 1079 323 1139 pro
334 1061 468 1118 exercitu
479 1058 627 1119 nunciare.
643 1059 708 1136 lpse
720 1059 867 1118 incinctus
880 1059 979 1119 cinctu

191 1141 335 1210 Gabino,
359 1151 489 1200 armatus
510 1140 541 1196 in
563 1157 669 1216 equum
688 1139 825 1211 insiluit,
847 1158 929 1199 nese
948 1141 979 1198 in

190 1220 305 1284 medios
322 1219 420 1279 hostes
434 1219 571 1277 immisit.
596 1206 781 1298 Conspectus
799 1218 835 1278 ab
854 1220 977 1297 utrique

192 1301 259 1360 acio
282 1299 431 1376 aliquanti)
458 1299 609 1375 augustior
633 1297 760 1357 humano
785 1298 872 1370 visu,
903 1300 980 1359 sicut

193 1379 271 1440 coelo
290 1381 396 1437 missus
416 1375 565 1458 piaculum
585 1379 682 1436 omnis
699 1377 823 1437 deorum
842 1377 893 1437 irae
908 1380 980 1458 ‚qui

193 1471 311 1547 postem
332 1459 366 1516 ab
384 1463 445 1521 suis
467 1472 597 1516 antorsum
621 1459 652 1515 in
677 1457 776 1518 hostes
802 1457 917 1518 ferret:
942 1461 1000 1518 ita'

193 1541 291 1599 omnis
318 1549 411 1596 terror
439 1558 588 1618 pauorque
609 1557 676 1597 cum
700 1537 753 1600 illo
775 1538 877 1610 latos,
900 1539 982 1616 signa

190 1621 294 1708 primb
317 1617 489 1679 Latinorum
518 1619 667 1692 turbavit,
700 1617 811 1683 deinde*
835 1618 868 1679 in
890 1624 982 1683 toteiu

193 1700 314 1786 penitius
332 1699 424 1757 aciem
440 1700 579 1779 peruasit.
626 1706 628 1711 ’

236 1792 273 1852 V.
292 1788 552 1849 Evidentissirnum
565 1786 597 1846 id
610 1786 684 1861 luit,
695 1787 782 1866 =qubd
794 1789 978 1869 quacumque

197 1889 275 1946 equo
295 1870 428 1926 invectus
446 1879 513 1938 est,
533 1868 575 1926 ibi
593 1866 671 1926 haud
691 1870 776 1928 secus
791 1870 878 1948 quim
894 1870 985 1950 pesti-

198 1947 265 2007 loro
294 1946 388 2005 sidere
414 1947 468 2006 icti
490 1948 636 2027 pavebant
667 1967 673 2004 :
708 1948 758 2008 ubi
788 1951 856 2009 verb
875 1951 984 2011 corruit

201 2027 323 2087 obrutus
346 2025 413 2085 telis
427 2072 436 2101 ,
462 2025 530 2085 iude
554 2029 611 2105 jam
638 2025 714 2086 haud
741 2027 832 2088 dubie
855 2042 985 2090 conster-

192 2119 276 2185 *natae
288 2107 427 2167 cohortes
440 2105 612 2171 Latinorum
629 2153 637 2179 ‚
659 2111 715 2184 (b)
730 2107 829 2186 fugam
845 2128 881 2171 ac
897 2111 985 2170 vasti-

199 2199 289 2253 tatem
308 2187 368 2253 latb
387 2187 528 2250 lecerunt.
547 2188 643 2250 Simul
656 2200 685 2246 et
704 2188 827 2252 Romani
841 2190 984 2251 exsolutis

198 2271 347 2347 religione
362 2269 486 2340 animis,
506 2265 584 2327 velut
601 2279 662 2332 tum
676 2269 805 2349 primum
821 2268 988 2353 signodatq

192 2352 298 2419 ,coorti
328 2368 458 2432 pugnam
484 2350 628 2425 integram
655 2348 819 2410 ediderunt.
850 2349 934 2411 Tum
959 2358 986 2409 ot

198 2427 319 2487 Rorarii
340 2425 550 2504 procurrebant
569 2427 647 2484 inter
667 2427 881 2506 Antepilanos,
903 2430 986 2492 addi.

191 2507 360 2582 ,iteransque
386 2505 464 2562 vires
494 2505 623 2568 Hastatis
649 2526 681 2566 oc
705 2505 893 2586 Principibus
923 2533 929 2570 :
959 2519 988 2568 et

200 2584 315 2647 Triarii
337 2603 412 2663 genu
429 2582 536 2644 dextro
554 2586 671 2660 innixi,
689 2599 790 2650 nutum
809 2587 987 2650 consulissd

199 2664 436 2743 consurgendum
453 2667 655 2745 expectabant.

155 2760 160 2775 '
242 2755 296 2829 Vl,
319 2756 497 2822 Procedente
517 2756 624 2821 deinde
643 2759 826 2830 certamine,
844 2755 989 2818 cimeliis

199 2836 335 2914 partibus
349 2836 510 2899 multitudo
526 2852 675 2920 superaret
693 2834 885 2910 Latinorum,
901 2839 990 2899 Man·

199 2917 259 2979 lius
276 2916 402 2990 consul,
432 2919 533 2981 audito
549 2931 653 2979 eventu
674 2920 815 2996 college,
839 2919 931 2991 cbm,
956 2929 991 2979 ut

200 3001 248 3078 jus
264 2995 365 3077 fasque
379 3009 456 3069 erat,
476 2995 617 3076 lacrymis
636 3015 693 3053 non
710 2999 809 3055 minius
823 2997 912 3075 quim
925 2997 991 3059 lau·

200 3077 286 3138 dibus
319 3076 427 3134 debitis
460 3086 633 3153 prosecutus
668 3084 727 3129 tam
760 3077 991 3140 memorabilem

201 3168 328 3222 mortem
341 3164 438 3223 esset,
456 3150 612 3232 paulisper
630 3149 833 3224 addubitavit,
859 3169 895 3208 an
915 3171 993 3217 con.

235 3293 392 3360 5(Fuganz
409 3307 443 3340 oo
463 3286 578 3365 noscito·
613 3301 685 3339 vasta
711 3289 801 3342 omnia
833 3290 989 3367 desertaque

202 3375 284 3418 terri...
287 3355 431 3437 fecerunt)
442 3355 461 3406 F
463 3354 577 3426 uguendo
610 3355 778 3429 reliquerunt.
