<?xml version="1.0" encoding="UTF-8"?>
<!DOCTYPE html PUBLIC "-//W3C//DTD XHTML 1.0 Transitional//EN"
    "http://www.w3.org/TR/xhtml1/DTD/xhtml1-transitional.dtd">
<html xmlns="http://www.w3.org/1999/xhtml" xml:lang="en" lang="en">
 <head>
  <title>
</title>
<meta http-equiv="Content-Type" content="text/html;charset=utf-8" />
  <meta name='ocr-system' content='tesseract 3.04.00' />
  <meta name='ocr-capabilities' content='ocr_page ocr_carea ocr_par ocr_line ocrx_word'/>
</head>
<body>
  <div class='ocr_page' id='page_1' title='image "./selectaetitoliv00livygoog_0408.png"; bbox 0 0 2016 3780; ppageno 0'>
   <div class='ocr_carea' id='block_1_1' title="bbox 230 130 844 221">
    <p class='ocr_par' dir='ltr' id='par_1_1' title="bbox 230 130 844 221">
     <span class='ocr_line' id='line_1_1' title="bbox 230 130 844 221; baseline -0.018 -11"><span class='ocrx_word' id='word_1_1' title='bbox 230 138 505 209; x_wconf 74' lang='lat' dir='ltr'>Nnnnnrro</span> <span class='ocrx_word' id='word_1_2' title='bbox 554 130 670 200; x_wconf 85' lang='lat' dir='ltr'>LIV.</span> <span class='ocrx_word' id='word_1_3' title='bbox 780 154 844 221; x_wconf 86' lang='lat'>177</span> 
     </span>
    </p>
   </div>
   <div class='ocr_carea' id='block_1_2' title="bbox 51 236 982 2839">
    <p class='ocr_par' dir='ltr' id='par_1_2' title="bbox 54 236 845 329">
     <span class='ocr_line' id='line_1_2' title="bbox 54 236 845 329; baseline -0.015 -22"><span class='ocrx_word' id='word_1_4' title='bbox 54 250 210 329; x_wconf 74' lang='lat' dir='ltr'>preteritae</span> <span class='ocrx_word' id='word_1_5' title='bbox 242 246 315 303; x_wconf 81' lang='lat' dir='ltr'>satis</span> <span class='ocrx_word' id='word_1_6' title='bbox 342 261 480 300; x_wconf 84' lang='lat' dir='ltr'>memores</span> <span class='ocrx_word' id='word_1_7' title='bbox 509 241 575 298; x_wconf 87' lang='lat' dir='ltr'>sint.</span> <span class='ocrx_word' id='word_1_8' title='bbox 620 236 845 298; x_wconf 73' lang='lat' dir='ltr'>Conclamatum</span> 
     </span>
    </p>

    <p class='ocr_par' dir='ltr' id='par_1_3' title="bbox 58 316 846 401">
     <span class='ocr_line' id='line_1_3' title="bbox 58 316 846 401; baseline -0.016 -15"><span class='ocrx_word' id='word_1_9' title='bbox 58 327 166 386; x_wconf 78' lang='lat' dir='ltr'>deinde</span> <span class='ocrx_word' id='word_1_10' title='bbox 185 345 231 383; x_wconf 86' lang='lat' dir='ltr'>ex</span> <span class='ocrx_word' id='word_1_11' title='bbox 253 324 335 382; x_wconf 90' lang='lat' dir='ltr'>omni</span> <span class='ocrx_word' id='word_1_12' title='bbox 357 332 439 401; x_wconf 87' lang='lat' dir='ltr'>parte</span> <span class='ocrx_word' id='word_1_13' title='bbox 456 322 545 379; x_wconf 79' lang='lat' dir='ltr'>curiae</span> <span class='ocrx_word' id='word_1_14' title='bbox 565 329 635 391; x_wconf 75' lang='lat' dir='ltr'>est,</span> <span class='ocrx_word' id='word_1_15' title='bbox 659 318 702 375; x_wconf 88' lang='lat' dir='ltr'>uti</span> <span class='ocrx_word' id='word_1_16' title='bbox 720 316 846 376; x_wconf 77' lang='lat' dir='ltr'>referret</span> 
     </span>
    </p>

    <p class='ocr_par' dir='ltr' id='par_1_4' title="bbox 51 397 846 484">
     <span class='ocr_line' id='line_1_4' title="bbox 51 397 846 484; baseline -0.018 -16"><span class='ocrx_word' id='word_1_17' title='bbox 51 409 92 468; x_wconf 82' lang='grc' dir='ltr'>Ῥ.</span> <span class='ocrx_word' id='word_1_18' title='bbox 113 407 209 467; x_wconf 83' lang='lat' dir='ltr'>AElius</span> <span class='ocrx_word' id='word_1_19' title='bbox 234 414 370 484; x_wconf 31' lang='lat' dir='ltr'>praetorr:</span> <span class='ocrx_word' id='word_1_20' title='bbox 392 401 627 478; x_wconf 88' lang='lat' dir='ltr'>decretumque,</span> <span class='ocrx_word' id='word_1_21' title='bbox 659 410 690 455; x_wconf 90' lang='lat' dir='ltr'>ut</span> <span class='ocrx_word' id='word_1_22' title='bbox 717 397 846 478; x_wconf 86' lang='lat' dir='ltr'>quinque</span> 
     </span>
    </p>

    <p class='ocr_par' dir='ltr' id='par_1_5' title="bbox 59 479 847 560">
     <span class='ocr_line' id='line_1_5' title="bbox 59 479 847 560; baseline -0.015 -14"><span class='ocrx_word' id='word_1_23' title='bbox 59 487 123 546; x_wconf 89' lang='lat' dir='ltr'>dies</span> <span class='ocrx_word' id='word_1_24' title='bbox 155 485 236 546; x_wconf 77' lang='lat' dir='ltr'>circi</span> <span class='ocrx_word' id='word_1_25' title='bbox 254 483 367 542; x_wconf 23' lang='lat' dir='ltr'>*omnia</span> <span class='ocrx_word' id='word_1_26' title='bbox 392 480 569 560; x_wconf 73' lang='lat' dir='ltr'>‘pulvinaria</span> <span class='ocrx_word' id='word_1_27' title='bbox 602 479 847 560; x_wconf 76' lang='lat' dir='ltr'>supplicaretur,</span> 
     </span>
    </p>

    <p class='ocr_par' dir='ltr' id='par_1_6' title="bbox 60 557 847 647">
     <span class='ocr_line' id='line_1_6' title="bbox 60 557 847 647; baseline -0.014 -21"><span class='ocrx_word' id='word_1_28' title='bbox 60 569 248 647; x_wconf 79' lang='lat' dir='ltr'>uictimaeque</span> <span class='ocrx_word' id='word_1_29' title='bbox 269 567 396 644; x_wconf 73' lang='lat' dir='ltr'>maiores</span> <span class='ocrx_word' id='word_1_30' title='bbox 413 559 637 621; x_wconf 76' lang='lat' dir='ltr'>immolarentur</span> <span class='ocrx_word' id='word_1_31' title='bbox 661 571 780 620; x_wconf 88' lang='lat' dir='ltr'>centum</span> <span class='ocrx_word' id='word_1_32' title='bbox 802 557 847 633; x_wconf 49' lang='lat' dir='ltr'>viff</span> 
     </span>
    </p>

    <p class='ocr_par' dir='ltr' id='par_1_7' title="bbox 60 648 982 830">
     <span class='ocr_line' id='line_1_7' title="bbox 60 648 934 732; baseline -0.001 -26"><span class='ocrx_word' id='word_1_33' title='bbox 60 648 147 728; x_wconf 85' lang='lat' dir='ltr'>giuti.</span> <span class='ocrx_word' id='word_1_34' title='bbox 485 648 490 663; x_wconf 71' lang='lat'><strong>²</strong></span> <span class='ocrx_word' id='word_1_35' title='bbox 931 723 934 732; x_wconf 28' lang='grc' dir='ltr'>Ι</span> 
     </span>
     <span class='ocr_line' id='line_1_8' title="bbox 103 746 982 830; baseline -0.018 -15"><span class='ocrx_word' id='word_1_36' title='bbox 103 751 155 816; x_wconf 89' lang='lat' dir='ltr'>Vl.</span> <span class='ocrx_word' id='word_1_37' title='bbox 189 751 266 811; x_wconf 87' lang='lat' dir='ltr'>lntcr</span> <span class='ocrx_word' id='word_1_38' title='bbox 289 751 357 811; x_wconf 85' lang='lat' dir='ltr'>hoec</span> <span class='ocrx_word' id='word_1_39' title='bbox 379 748 468 811; x_wconf 90' lang='lat' dir='ltr'>simul</span> <span class='ocrx_word' id='word_1_40' title='bbox 491 767 586 830; x_wconf 89' lang='lat' dir='ltr'>spes,</span> <span class='ocrx_word' id='word_1_41' title='bbox 608 747 696 811; x_wconf 87' lang='lat' dir='ltr'>simul</span> <span class='ocrx_word' id='word_1_42' title='bbox 718 768 788 809; x_wconf 81' lang='lat' dir='ltr'>cura</span> <span class='ocrx_word' id='word_1_43' title='bbox 814 746 846 805; x_wconf 92' lang='lat' dir='ltr'>in</span> <span class='ocrx_word' id='word_1_44' title='bbox 896 752 982 822; x_wconf 73' lang='grc' dir='ltr'><em>Ληκζι</em></span> 
     </span>
    </p>

    <p class='ocr_par' dir='ltr' id='par_1_8' title="bbox 58 811 981 920">
     <span class='ocr_line' id='line_1_9' title="bbox 58 811 981 920; baseline -0.01 -25"><span class='ocrx_word' id='word_1_45' title='bbox 58 832 122 895; x_wconf 82' lang='lat' dir='ltr'>dies</span> <span class='ocrx_word' id='word_1_46' title='bbox 134 834 284 895; x_wconf 90' lang='lat' dir='ltr'>crescebat</span> <span class='ocrx_word' id='word_1_47' title='bbox 301 853 306 890; x_wconf 94' lang='lat'>:</span> <span class='ocrx_word' id='word_1_48' title='bbox 326 852 381 892; x_wconf 90' lang='lat' dir='ltr'>nec</span> <span class='ocrx_word' id='word_1_49' title='bbox 398 833 469 893; x_wconf 84' lang='lat' dir='ltr'>satis</span> <span class='ocrx_word' id='word_1_50' title='bbox 489 841 602 890; x_wconf 82' lang='lat' dir='ltr'>certum</span> <span class='ocrx_word' id='word_1_51' title='bbox 621 844 754 890; x_wconf 77' lang='lat' dir='ltr'>constare</span> <span class='ocrx_word' id='word_1_52' title='bbox 767 825 846 907; x_wconf 85' lang='lat' dir='ltr'>apud</span> <span class='ocrx_word' id='word_1_53' title='bbox 860 811 981 920; x_wconf 48' lang='grc' dir='ltr'>ᾗοᾝ-</span> 
     </span>
    </p>

    <p class='ocr_par' dir='ltr' id='par_1_9' title="bbox 58 911 932 993">
     <span class='ocr_line' id='line_1_10' title="bbox 58 911 932 993; baseline -0.009 -17"><span class='ocrx_word' id='word_1_54' title='bbox 58 917 193 976; x_wconf 84' lang='lat' dir='ltr'>animum</span> <span class='ocrx_word' id='word_1_55' title='bbox 219 923 357 993; x_wconf 74' lang='lat' dir='ltr'>peterat,</span> <span class='ocrx_word' id='word_1_56' title='bbox 386 912 483 971; x_wconf 81' lang='lat' dir='ltr'>utrum</span> <span class='ocrx_word' id='word_1_57' title='bbox 496 913 605 988; x_wconf 83' lang='lat' dir='ltr'>gaudio</span> <span class='ocrx_word' id='word_1_58' title='bbox 622 911 745 990; x_wconf 82' lang='lat' dir='ltr'>dignum</span> <span class='ocrx_word' id='word_1_59' title='bbox 770 919 847 982; x_wconf 85' lang='lat' dir='ltr'>esset</span> <span class='ocrx_word' id='word_1_60' title='bbox 861 933 932 987; x_wconf 66' lang='lat' dir='ltr'>suam</span> 
     </span>
    </p>

    <p class='ocr_par' dir='ltr' id='par_1_10' title="bbox 61 989 973 1073">
     <span class='ocr_line' id='line_1_11' title="bbox 61 989 973 1073; baseline -0.003 -21"><span class='ocrx_word' id='word_1_61' title='bbox 61 996 258 1067; x_wconf 75' lang='lat' dir='ltr'>Annibalem,</span> <span class='ocrx_word' id='word_1_62' title='bbox 276 1004 344 1073; x_wconf 84' lang='lat' dir='ltr'>post</span> <span class='ocrx_word' id='word_1_63' title='bbox 359 1005 474 1052; x_wconf 84' lang='lat' dir='ltr'>sextum</span> <span class='ocrx_word' id='word_1_64' title='bbox 488 993 762 1052; x_wconf 85' lang='lat' dir='ltr'>decimum-annum</span> <span class='ocrx_word' id='word_1_65' title='bbox 778 1037 787 1066; x_wconf 93' lang='lat'>,</span> <span class='ocrx_word' id='word_1_66' title='bbox 811 1011 849 1050; x_wconf 83' lang='lat' dir='ltr'>ex</span> <span class='ocrx_word' id='word_1_67' title='bbox 864 989 973 1063; x_wconf 67' lang='lat' dir='ltr'>Anniba·</span> 
     </span>
    </p>

    <p class='ocr_par' dir='ltr' id='par_1_11' title="bbox 60 1057 903 1154">
     <span class='ocr_line' id='line_1_12' title="bbox 60 1057 903 1154; baseline -0.006 -19"><span class='ocrx_word' id='word_1_68' title='bbox 60 1073 147 1136; x_wconf 76' lang='lat' dir='ltr'>lutis</span> <span class='ocrx_word' id='word_1_69' title='bbox 168 1072 378 1144; x_wconf 82' lang='lat' dir='ltr'>decedentem,</span> <span class='ocrx_word' id='word_1_70' title='bbox 403 1093 525 1132; x_wconf 87' lang='lat' dir='ltr'>vacuam</span> <span class='ocrx_word' id='word_1_71' title='bbox 542 1072 760 1154; x_wconf 79' lang='lat' dir='ltr'>possessionem</span> <span class='ocrx_word' id='word_1_72' title='bbox 783 1076 849 1149; x_wconf 75' lang='lat' dir='ltr'>eius</span> <span class='ocrx_word' id='word_1_73' title='bbox 862 1057 903 1102; x_wconf 78' lang='lat'>¹¹⁵·</span> 
     </span>
    </p>

    <p class='ocr_par' dir='ltr' id='par_1_12' title="bbox 61 1153 850 1233">
     <span class='ocr_line' id='line_1_13' title="bbox 61 1153 850 1233; baseline -0.008 -17"><span class='ocrx_word' id='word_1_74' title='bbox 61 1154 219 1233; x_wconf 81' lang='lat' dir='ltr'>reliquisse</span> <span class='ocrx_word' id='word_1_75' title='bbox 241 1154 354 1232; x_wconf 92' lang='lat' dir='ltr'>populo</span> <span class='ocrx_word' id='word_1_76' title='bbox 373 1153 527 1226; x_wconf 64' lang='lat' dir='ltr'>Romarm</span> <span class='ocrx_word' id='word_1_77' title='bbox 551 1172 587 1212; x_wconf 81' lang='lat' dir='ltr'>nn</span> <span class='ocrx_word' id='word_1_78' title='bbox 608 1155 700 1231; x_wconf 75' lang='lat' dir='ltr'>magis</span> <span class='ocrx_word' id='word_1_79' title='bbox 715 1162 850 1212; x_wconf 87' lang='lat' dir='ltr'>metuen-</span> 
     </span>
    </p>

    <p class='ocr_par' dir='ltr' id='par_1_13' title="bbox 62 1233 850 1310">
     <span class='ocr_line' id='line_1_14' title="bbox 62 1233 850 1310; baseline -0.006 -15"><span class='ocrx_word' id='word_1_80' title='bbox 62 1236 151 1305; x_wconf 81' lang='lat' dir='ltr'>dum,</span> <span class='ocrx_word' id='word_1_81' title='bbox 176 1235 252 1310; x_wconf 81' lang='lat' dir='ltr'>quod</span> <span class='ocrx_word' id='word_1_82' title='bbox 271 1233 413 1294; x_wconf 90' lang='lat' dir='ltr'>incolumi</span> <span class='ocrx_word' id='word_1_83' title='bbox 429 1239 563 1295; x_wconf 87' lang='lat' dir='ltr'>exercitu</span> <span class='ocrx_word' id='word_1_84' title='bbox 576 1237 606 1292; x_wconf 90' lang='lat' dir='ltr'>in</span> <span class='ocrx_word' id='word_1_85' title='bbox 620 1234 751 1294; x_wconf 79' lang='lat' dir='ltr'>Africam</span> <span class='ocrx_word' id='word_1_86' title='bbox 767 1245 850 1294; x_wconf 85' lang='lat' dir='ltr'>tran-</span> 
     </span>
    </p>

    <p class='ocr_par' dir='ltr' id='par_1_14' title="bbox 62 1315 849 1395">
     <span class='ocr_line' id='line_1_15' title="bbox 62 1315 849 1395; baseline -0.006 -18"><span class='ocrx_word' id='word_1_87' title='bbox 62 1318 161 1377; x_wconf 83' lang='lat' dir='ltr'>sisset.</span> <span class='ocrx_word' id='word_1_88' title='bbox 177 1317 279 1375; x_wconf 89' lang='lat' dir='ltr'>Locum</span> <span class='ocrx_word' id='word_1_89' title='bbox 293 1319 442 1386; x_wconf 87' lang='lat' dir='ltr'>nimirum,</span> <span class='ocrx_word' id='word_1_90' title='bbox 459 1338 511 1374; x_wconf 85' lang='lat' dir='ltr'>nun</span> <span class='ocrx_word' id='word_1_91' title='bbox 521 1315 675 1395; x_wconf 87' lang='lat' dir='ltr'>periculum</span> <span class='ocrx_word' id='word_1_92' title='bbox 687 1328 849 1376; x_wconf 79' lang='lat' dir='ltr'>mutatum:</span> 
     </span>
    </p>

    <p class='ocr_par' dir='ltr' id='par_1_15' title="bbox 63 1398 854 1477">
     <span class='ocr_line' id='line_1_16' title="bbox 63 1398 854 1477; baseline -0.003 -19"><span class='ocrx_word' id='word_1_93' title='bbox 63 1401 141 1476; x_wconf 79' lang='lat' dir='ltr'>cujus</span> <span class='ocrx_word' id='word_1_94' title='bbox 163 1409 247 1456; x_wconf 84' lang='lat' dir='ltr'>tante</span> <span class='ocrx_word' id='word_1_95' title='bbox 266 1398 453 1455; x_wconf 85' lang='lat' dir='ltr'>dinricationis</span> <span class='ocrx_word' id='word_1_96' title='bbox 466 1408 575 1467; x_wconf 84' lang='lat' dir='ltr'>uatem,</span> <span class='ocrx_word' id='word_1_97' title='bbox 593 1400 641 1477; x_wconf 77' lang='lat' dir='ltr'>qui</span> <span class='ocrx_word' id='word_1_98' title='bbox 659 1418 746 1476; x_wconf 77' lang='lat' dir='ltr'>nuper</span> <span class='ocrx_word' id='word_1_99' title='bbox 757 1402 854 1456; x_wconf 58' lang='lat' dir='ltr'>decess</span> 
     </span>
    </p>

    <p class='ocr_par' dir='ltr' id='par_1_16' title="bbox 63 1473 851 1555">
     <span class='ocr_line' id='line_1_17' title="bbox 63 1473 851 1555; baseline -0.001 -18"><span class='ocrx_word' id='word_1_100' title='bbox 63 1481 171 1549; x_wconf 79' lang='lat' dir='ltr'>sisset,</span> <span class='ocrx_word' id='word_1_101' title='bbox 195 1477 228 1555; x_wconf 94' lang='lat' dir='ltr'>Q.</span> <span class='ocrx_word' id='word_1_102' title='bbox 252 1473 367 1533; x_wconf 87' lang='lat' dir='ltr'>Fabium</span> <span class='ocrx_word' id='word_1_103' title='bbox 382 1474 494 1545; x_wconf 83' lang='lat' dir='ltr'>frustrd</span> <span class='ocrx_word' id='word_1_104' title='bbox 512 1498 611 1537; x_wconf 85' lang='lat' dir='ltr'>canere</span> <span class='ocrx_word' id='word_1_105' title='bbox 631 1476 765 1550; x_wconf 77' lang='lat' dir='ltr'>solitum,</span> <span class='ocrx_word' id='word_1_106' title='bbox 780 1497 851 1554; x_wconf 85' lang='lat' dir='ltr'>gra·</span> 
     </span>
    </p>

    <p class='ocr_par' dir='ltr' id='par_1_17' title="bbox 63 1554 851 1629">
     <span class='ocr_line' id='line_1_18' title="bbox 63 1554 851 1629; baseline -0.001 -12"><span class='ocrx_word' id='word_1_107' title='bbox 63 1561 165 1618; x_wconf 85' lang='lat' dir='ltr'>uiarem</span> <span class='ocrx_word' id='word_1_108' title='bbox 181 1560 209 1616; x_wconf 89' lang='lat' dir='ltr'>in</span> <span class='ocrx_word' id='word_1_109' title='bbox 227 1554 277 1613; x_wconf 76' lang='lat' dir='ltr'>suri</span> <span class='ocrx_word' id='word_1_110' title='bbox 298 1555 373 1614; x_wconf 82' lang='lat' dir='ltr'>terri</span> <span class='ocrx_word' id='word_1_111' title='bbox 388 1559 518 1623; x_wconf 86' lang='lat' dir='ltr'>futurum</span> <span class='ocrx_word' id='word_1_112' title='bbox 535 1558 640 1615; x_wconf 80' lang='lat' dir='ltr'>bostem</span> <span class='ocrx_word' id='word_1_113' title='bbox 659 1556 851 1629; x_wconf 75' lang='lat' dir='ltr'>Annibalem,</span> 
     </span>
    </p>

    <p class='ocr_par' dir='ltr' id='par_1_18' title="bbox 63 1634 851 1721">
     <span class='ocr_line' id='line_1_19' title="bbox 63 1634 851 1721; baseline -0.001 -24"><span class='ocrx_word' id='word_1_114' title='bbox 63 1637 146 1721; x_wconf 79' lang='lat' dir='ltr'>qudm</span> <span class='ocrx_word' id='word_1_115' title='bbox 168 1641 197 1697; x_wconf 88' lang='lat' dir='ltr'>iu</span> <span class='ocrx_word' id='word_1_116' title='bbox 217 1634 311 1695; x_wconf 75' lang='lat' dir='ltr'>clienti</span> <span class='ocrx_word' id='word_1_117' title='bbox 329 1638 446 1706; x_wconf 87' lang='lat' dir='ltr'>suisset.</span> <span class='ocrx_word' id='word_1_118' title='bbox 482 1637 540 1696; x_wconf 87' lang='lat' dir='ltr'>Nec</span> <span class='ocrx_word' id='word_1_119' title='bbox 564 1636 686 1716; x_wconf 79' lang='lat' dir='ltr'>Scipioni</span> <span class='ocrx_word' id='word_1_120' title='bbox 712 1649 763 1695; x_wconf 88' lang='lat' dir='ltr'>aut</span> <span class='ocrx_word' id='word_1_121' title='bbox 787 1659 851 1696; x_wconf 82' lang='lat' dir='ltr'>cunt</span> 
     </span>
    </p>

    <p class='ocr_par' dir='ltr' id='par_1_19' title="bbox 62 1714 850 1800">
     <span class='ocr_line' id='line_1_20' title="bbox 62 1714 850 1800; baseline -0.004 -21"><span class='ocrx_word' id='word_1_122' title='bbox 62 1718 191 1800; x_wconf 55' lang='lat' dir='ltr'>,lypbace</span> <span class='ocrx_word' id='word_1_123' title='bbox 203 1719 350 1777; x_wconf 72' lang='lat' dir='ltr'>inconditae</span> <span class='ocrx_word' id='word_1_124' title='bbox 363 1714 499 1776; x_wconf 73' lang='lat' dir='ltr'>barbaria</span> <span class='ocrx_word' id='word_1_125' title='bbox 513 1739 579 1796; x_wconf 84' lang='lat' dir='ltr'>rege</span> <span class='ocrx_word' id='word_1_126' title='bbox 593 1761 602 1789; x_wconf 90' lang='lat'>,</span> <span class='ocrx_word' id='word_1_127' title='bbox 616 1728 667 1775; x_wconf 85' lang='lat' dir='ltr'>out</span> <span class='ocrx_word' id='word_1_128' title='bbox 682 1738 744 1776; x_wconf 88' lang='lat' dir='ltr'>cum</span> <span class='ocrx_word' id='word_1_129' title='bbox 757 1739 850 1777; x_wconf 81' lang='lat' dir='ltr'>socero</span> 
     </span>
    </p>

    <p class='ocr_par' dir='ltr' id='par_1_20' title="bbox 62 1796 851 1880">
     <span class='ocr_line' id='line_1_21' title="bbox 62 1796 851 1880; baseline -0.004 -21"><span class='ocrx_word' id='word_1_130' title='bbox 62 1802 123 1880; x_wconf 83' lang='lat' dir='ltr'>ejus</span> <span class='ocrx_word' id='word_1_131' title='bbox 136 1796 313 1868; x_wconf 85' lang='lat' dir='ltr'>Asdrubale,</span> <span class='ocrx_word' id='word_1_132' title='bbox 322 1799 513 1875; x_wconf 75' lang='lat' dir='ltr'>fugacissimo</span> <span class='ocrx_word' id='word_1_133' title='bbox 526 1803 616 1868; x_wconf 82' lang='lat' dir='ltr'>duce,</span> <span class='ocrx_word' id='word_1_134' title='bbox 632 1818 688 1857; x_wconf 91' lang='lat' dir='ltr'>rem</span> <span class='ocrx_word' id='word_1_135' title='bbox 697 1801 851 1869; x_wconf 86' lang='lat' dir='ltr'>futuram,</span> 
     </span>
    </p>

    <p class='ocr_par' dir='ltr' id='par_1_21' title="bbox 62 1877 853 1957">
     <span class='ocr_line' id='line_1_22' title="bbox 62 1877 853 1957; baseline -0.003 -18"><span class='ocrx_word' id='word_1_136' title='bbox 62 1893 114 1939; x_wconf 90' lang='lat' dir='ltr'>aut</span> <span class='ocrx_word' id='word_1_137' title='bbox 134 1878 328 1940; x_wconf 84' lang='lat' dir='ltr'>tumultuariis</span> <span class='ocrx_word' id='word_1_138' title='bbox 349 1877 546 1956; x_wconf 76' lang='lat' dir='ltr'>exercitibus,</span> <span class='ocrx_word' id='word_1_139' title='bbox 573 1899 614 1937; x_wconf 86' lang='lat' dir='ltr'>ex</span> <span class='ocrx_word' id='word_1_140' title='bbox 630 1881 787 1957; x_wconf 78' lang='lat' dir='ltr'>agrestium</span> <span class='ocrx_word' id='word_1_141' title='bbox 807 1892 853 1937; x_wconf 83' lang='lat' dir='ltr'>se-&#39;</span> 
     </span>
    </p>

    <p class='ocr_par' dir='ltr' id='par_1_22' title="bbox 64 1956 857 2034">
     <span class='ocr_line' id='line_1_23' title="bbox 64 1956 857 2034; baseline -0.001 -16"><span class='ocrx_word' id='word_1_142' title='bbox 64 1963 173 2018; x_wconf 87' lang='lat' dir='ltr'>miermi</span> <span class='ocrx_word' id='word_1_143' title='bbox 189 1958 270 2017; x_wconf 83' lang='lat' dir='ltr'>turbd</span> <span class='ocrx_word' id='word_1_144' title='bbox 286 1956 377 2017; x_wconf 80' lang='lat' dir='ltr'>subiti</span> <span class='ocrx_word' id='word_1_145' title='bbox 394 1957 542 2018; x_wconf 86' lang='lat' dir='ltr'>collectis:</span> <span class='ocrx_word' id='word_1_146' title='bbox 557 1963 606 2017; x_wconf 84' lang='lat' dir='ltr'>sed</span> <span class='ocrx_word' id='word_1_147' title='bbox 621 1979 682 2018; x_wconf 90' lang='lat' dir='ltr'>cum</span> <span class='ocrx_word' id='word_1_148' title='bbox 695 1957 857 2034; x_wconf 81' lang='lat' dir='ltr'>Annibale,</span> 
     </span>
    </p>

    <p class='ocr_par' dir='ltr' id='par_1_23' title="bbox 61 2036 852 2122">
     <span class='ocr_line' id='line_1_24' title="bbox 61 2036 852 2122; baseline 0.001 -25"><span class='ocrx_word' id='word_1_149' title='bbox 61 2036 148 2122; x_wconf 76' lang='lat' dir='ltr'>propi</span> <span class='ocrx_word' id='word_1_150' title='bbox 168 2050 233 2097; x_wconf 87' lang='lat' dir='ltr'>nato</span> <span class='ocrx_word' id='word_1_151' title='bbox 258 2041 286 2096; x_wconf 91' lang='lat' dir='ltr'>in</span> <span class='ocrx_word' id='word_1_152' title='bbox 310 2037 442 2116; x_wconf 72' lang='lat' dir='ltr'>pretorio</span> <span class='ocrx_word' id='word_1_153' title='bbox 462 2041 554 2116; x_wconf 86' lang='lat' dir='ltr'>patris</span> <span class='ocrx_word' id='word_1_154' title='bbox 570 2039 726 2107; x_wconf 84' lang='lat' dir='ltr'>fortissimi</span> <span class='ocrx_word' id='word_1_155' title='bbox 749 2043 852 2112; x_wconf 79' lang='lat' dir='ltr'>ducis,</span> 
     </span>
    </p>

    <p class='ocr_par' dir='ltr' id='par_1_24' title="bbox 63 2117 852 2199">
     <span class='ocr_line' id='line_1_25' title="bbox 63 2117 852 2199; baseline -0.003 -20"><span class='ocrx_word' id='word_1_156' title='bbox 63 2117 135 2179; x_wconf 85' lang='lat' dir='ltr'>alito</span> <span class='ocrx_word' id='word_1_157' title='bbox 156 2129 242 2199; x_wconf 74' lang='lat' dir='ltr'>atque</span> <span class='ocrx_word' id='word_1_158' title='bbox 262 2121 379 2176; x_wconf 88' lang='lat' dir='ltr'>educato</span> <span class='ocrx_word' id='word_1_159' title='bbox 400 2119 474 2175; x_wconf 83' lang='lat' dir='ltr'>iuter</span> <span class='ocrx_word' id='word_1_160' title='bbox 491 2137 572 2176; x_wconf 82' lang='lat' dir='ltr'>arma</span> <span class='ocrx_word' id='word_1_161' title='bbox 581 2137 592 2187; x_wconf 89' lang='lat'><em>;</em></span> <span class='ocrx_word' id='word_1_162' title='bbox 609 2137 696 2196; x_wconf 85' lang='lat' dir='ltr'>puero</span> <span class='ocrx_word' id='word_1_163' title='bbox 712 2123 852 2197; x_wconf 80' lang='lat' dir='ltr'>quandam</span> 
     </span>
    </p>

    <p class='ocr_par' dir='ltr' id='par_1_25' title="bbox 64 2196 854 2278">
     <span class='ocr_line' id='line_1_26' title="bbox 64 2196 854 2278; baseline 0.003 -22"><span class='ocrx_word' id='word_1_164' title='bbox 64 2196 179 2271; x_wconf 80' lang='lat' dir='ltr'>milite,</span> <span class='ocrx_word' id='word_1_165' title='bbox 200 2199 316 2256; x_wconf 83' lang='lat' dir='ltr'>vixdum</span> <span class='ocrx_word' id='word_1_166' title='bbox 325 2199 425 2277; x_wconf 80' lang='lat' dir='ltr'>jurene</span> <span class='ocrx_word' id='word_1_167' title='bbox 441 2198 625 2276; x_wconf 83' lang='lat' dir='ltr'>imperatore,</span> <span class='ocrx_word' id='word_1_168' title='bbox 639 2198 687 2273; x_wconf 90' lang='lat'>(1)</span> <span class='ocrx_word' id='word_1_169' title='bbox 700 2201 748 2278; x_wconf 82' lang='lat' dir='ltr'>qui</span> <span class='ocrx_word' id='word_1_170' title='bbox 761 2220 854 2258; x_wconf 81' lang='lat' dir='ltr'>senex</span> 
     </span>
    </p>

    <p class='ocr_par' dir='ltr' id='par_1_26' title="bbox 63 2274 853 2356">
     <span class='ocr_line' id='line_1_27' title="bbox 63 2274 853 2356; baseline 0 -18"><span class='ocrx_word' id='word_1_171' title='bbox 63 2280 195 2339; x_wconf 81' lang='lat' dir='ltr'>uincendo</span> <span class='ocrx_word' id='word_1_172' title='bbox 217 2282 343 2351; x_wconf 85' lang='lat' dir='ltr'>factus,</span> <span class='ocrx_word' id='word_1_173' title='bbox 371 2274 545 2356; x_wconf 84' lang='lat' dir='ltr'>Hispanias,</span> <span class='ocrx_word' id='word_1_174' title='bbox 573 2274 711 2350; x_wconf 80' lang='lat' dir='ltr'>Gallias,</span> <span class='ocrx_word' id='word_1_175' title='bbox 733 2275 853 2338; x_wconf 87' lang='lat' dir='ltr'>ltaliam</span> 
     </span>
    </p>

    <p class='ocr_par' dir='ltr' id='par_1_27' title="bbox 64 2357 853 2440">
     <span class='ocr_line' id='line_1_28' title="bbox 64 2357 853 2440; baseline -0.003 -20"><span class='ocrx_word' id='word_1_176' title='bbox 64 2359 109 2420; x_wconf 85' lang='lat' dir='ltr'>Ab</span> <span class='ocrx_word' id='word_1_177' title='bbox 137 2357 256 2440; x_wconf 79' lang='lat' dir='ltr'>Alpibus</span> <span class='ocrx_word' id='word_1_178' title='bbox 283 2362 321 2416; x_wconf 83' lang='lat' dir='ltr'>ad</span> <span class='ocrx_word' id='word_1_179' title='bbox 342 2359 454 2426; x_wconf 79' lang='lat' dir='ltr'>fretum</span> <span class='ocrx_word' id='word_1_180' title='bbox 480 2361 666 2418; x_wconf 84' lang='lat' dir='ltr'>monumentis</span> <span class='ocrx_word' id='word_1_181' title='bbox 695 2361 853 2437; x_wconf 80' lang='lat' dir='ltr'>ingentium</span> 
     </span>
    </p>

    <p class='ocr_par' dir='ltr' id='par_1_28' title="bbox 65 2437 853 2520">
     <span class='ocr_line' id='line_1_29' title="bbox 65 2437 853 2520; baseline -0.003 -19"><span class='ocrx_word' id='word_1_182' title='bbox 65 2459 157 2502; x_wconf 83' lang='lat' dir='ltr'>rerum</span> <span class='ocrx_word' id='word_1_183' title='bbox 183 2437 356 2518; x_wconf 81' lang='lat' dir='ltr'>complesset·</span> <span class='ocrx_word' id='word_1_184' title='bbox 387 2437 499 2498; x_wconf 81' lang='lat' dir='ltr'>Ducere</span> <span class='ocrx_word' id='word_1_185' title='bbox 526 2443 683 2498; x_wconf 85' lang='lat' dir='ltr'>exercitum</span> <span class='ocrx_word' id='word_1_186' title='bbox 713 2439 853 2520; x_wconf 68' lang='lat' dir='ltr'>(equalem</span> 
     </span>
    </p>

    <p class='ocr_par' dir='ltr' id='par_1_29' title="bbox 65 2521 853 2599">
     <span class='ocr_line' id='line_1_30' title="bbox 65 2521 853 2599; baseline -0.001 -20"><span class='ocrx_word' id='word_1_187' title='bbox 65 2522 212 2598; x_wconf 85' lang='lat' dir='ltr'>stipendiis</span> <span class='ocrx_word' id='word_1_188' title='bbox 233 2521 313 2588; x_wconf 86' lang='lat' dir='ltr'>suis,</span> <span class='ocrx_word' id='word_1_189' title='bbox 339 2522 469 2579; x_wconf 80' lang='lat' dir='ltr'>duratum</span> <span class='ocrx_word' id='word_1_190' title='bbox 486 2523 608 2579; x_wconf 88' lang='lat' dir='ltr'>omnium</span> <span class='ocrx_word' id='word_1_191' title='bbox 625 2528 719 2580; x_wconf 89' lang='lat' dir='ltr'>&#39;rerum</span> <span class='ocrx_word' id='word_1_192' title='bbox 739 2524 853 2599; x_wconf 82' lang='lat' dir='ltr'>patien-</span> 
     </span>
    </p>

    <p class='ocr_par' dir='ltr' id='par_1_30' title="bbox 64 2597 881 2680">
     <span class='ocr_line' id='line_1_31' title="bbox 64 2597 881 2680; baseline 0.001 -21"><span class='ocrx_word' id='word_1_193' title='bbox 64 2603 107 2661; x_wconf 82' lang='lat' dir='ltr'>tid</span> <span class='ocrx_word' id='word_1_194' title='bbox 120 2643 129 2668; x_wconf 91' lang='lat'>,</span> <span class='ocrx_word' id='word_1_195' title='bbox 146 2620 216 2679; x_wconf 82' lang='lat' dir='ltr'>quas</span> <span class='ocrx_word' id='word_1_196' title='bbox 231 2601 282 2658; x_wconf 83' lang='lat' dir='ltr'>uix</span> <span class='ocrx_word' id='word_1_197' title='bbox 290 2599 364 2677; x_wconf 81' lang='lat' dir='ltr'>fides</span> <span class='ocrx_word' id='word_1_198' title='bbox 374 2600 433 2674; x_wconf 83' lang='lat' dir='ltr'>fiat</span> <span class='ocrx_word' id='word_1_199' title='bbox 448 2597 570 2659; x_wconf 78' lang='lat' dir='ltr'>homines</span> <span class='ocrx_word' id='word_1_200' title='bbox 577 2620 677 2679; x_wconf 87' lang='lat' dir='ltr'>passos</span> <span class='ocrx_word' id='word_1_201' title='bbox 683 2621 696 2672; x_wconf 83' lang='lat'><em>;</em></span> <span class='ocrx_word' id='word_1_202' title='bbox 705 2603 853 2680; x_wconf 84' lang='lat' dir='ltr'>perfusum</span> <span class='ocrx_word' id='word_1_203' title='bbox 879 2598 881 2602; x_wconf 28' lang='lat'>⁸</span> 
     </span>
    </p>

    <p class='ocr_par' dir='ltr' id='par_1_31' title="bbox 64 2678 853 2751">
     <span class='ocr_line' id='line_1_32' title="bbox 64 2678 853 2751; baseline 0.001 -12"><span class='ocrx_word' id='word_1_204' title='bbox 64 2678 171 2739; x_wconf 88' lang='lat' dir='ltr'>millies</span> <span class='ocrx_word' id='word_1_205' title='bbox 192 2701 288 2739; x_wconf 86' lang='lat' dir='ltr'>cruore</span> <span class='ocrx_word' id='word_1_206' title='bbox 313 2681 438 2739; x_wconf 85' lang='lat' dir='ltr'>Romano</span> <span class='ocrx_word' id='word_1_207' title='bbox 451 2699 464 2751; x_wconf 72' lang='lat'>,⁹</span> <span class='ocrx_word' id='word_1_208' title='bbox 503 2683 621 2740; x_wconf 76' lang='lat' dir='ltr'>exuvias</span> <span class='ocrx_word' id='word_1_209' title='bbox 649 2703 703 2739; x_wconf 87' lang='lat' dir='ltr'>non</span> <span class='ocrx_word' id='word_1_210' title='bbox 727 2682 853 2740; x_wconf 83' lang='lat' dir='ltr'>rnilitum</span> 
     </span>
    </p>

    <p class='ocr_par' dir='ltr' id='par_1_32' title="bbox 64 2762 853 2839">
     <span class='ocr_line' id='line_1_33' title="bbox 64 2762 853 2839; baseline 0 -19"><span class='ocrx_word' id='word_1_211' title='bbox 64 2763 172 2821; x_wconf 82' lang='lat' dir='ltr'>tantdm</span> <span class='ocrx_word' id='word_1_212' title='bbox 186 2804 194 2830; x_wconf 85' lang='lat'>,</span> <span class='ocrx_word' id='word_1_213' title='bbox 210 2763 355 2820; x_wconf 87' lang='lat' dir='ltr'>sedetiam</span> <span class='ocrx_word' id='word_1_214' title='bbox 371 2762 568 2839; x_wconf 83' lang='lat' dir='ltr'>imperatorum</span> <span class='ocrx_word' id='word_1_215' title='bbox 583 2772 752 2839; x_wconf 85' lang='lat' dir='ltr'>portantem.</span> <span class='ocrx_word' id='word_1_216' title='bbox 771 2762 853 2821; x_wconf 88' lang='lat' dir='ltr'>Mul-</span> 
     </span>
    </p>
   </div>
   <div class='ocr_carea' id='block_1_3' title="bbox 65 2840 934 2924">
    <p class='ocr_par' dir='ltr' id='par_1_33' title="bbox 65 2840 934 2924">
     <span class='ocr_line' id='line_1_34' title="bbox 65 2840 934 2924; baseline -0.005 -22"><span class='ocrx_word' id='word_1_217' title='bbox 65 2853 109 2902; x_wconf 84' lang='lat' dir='ltr'>tas</span> <span class='ocrx_word' id='word_1_218' title='bbox 124 2863 283 2902; x_wconf 87' lang='lat' dir='ltr'>occursuras</span> <span class='ocrx_word' id='word_1_219' title='bbox 296 2840 420 2921; x_wconf 86' lang='lat' dir='ltr'>Scipioni</span> <span class='ocrx_word' id='word_1_220' title='bbox 436 2844 465 2901; x_wconf 92' lang='lat' dir='ltr'>in</span> <span class='ocrx_word' id='word_1_221' title='bbox 479 2844 540 2900; x_wconf 83' lang='lat' dir='ltr'>acie</span> <span class='ocrx_word' id='word_1_222' title='bbox 552 2885 561 2915; x_wconf 92' lang='lat'>,</span> <span class='ocrx_word' id='word_1_223' title='bbox 572 2844 621 2920; x_wconf 81' lang='lat' dir='ltr'>qui</span> <span class='ocrx_word' id='word_1_224' title='bbox 633 2851 789 2923; x_wconf 74' lang='lat' dir='ltr'>pretores,</span> <span class='ocrx_word' id='word_1_225' title='bbox 802 2843 852 2924; x_wconf 81' lang='lat' dir='ltr'>qui</span> <span class='ocrx_word' id='word_1_226' title='bbox 925 2893 934 2899; x_wconf 88' lang='lat'>..</span> 
     </span>
    </p>
   </div>
   <div class='ocr_carea' id='block_1_4' title="bbox 56 2970 857 3294">
    <p class='ocr_par' dir='ltr' id='par_1_34' title="bbox 56 2970 857 3294">
     <span class='ocr_line' id='line_1_35' title="bbox 102 2970 853 3042; baseline 0.005 -22"><span class='ocrx_word' id='word_1_227' title='bbox 102 2989 112 3020; x_wconf 88' lang='grc' dir='ltr'><strong>ι</strong></span> <span class='ocrx_word' id='word_1_228' title='bbox 138 2970 311 3042; x_wconf 78' lang='lat' dir='ltr'>(Quirenex</span> <span class='ocrx_word' id='word_1_229' title='bbox 328 2970 439 3022; x_wconf 82' lang='lat' dir='ltr'>uincen-</span> <span class='ocrx_word' id='word_1_230' title='bbox 474 2972 545 3039; x_wconf 80' lang='lat' dir='ltr'>apud</span> <span class='ocrx_word' id='word_1_231' title='bbox 577 2989 623 3023; x_wconf 88' lang='lat' dir='ltr'>uos</span> <span class='ocrx_word' id='word_1_232' title='bbox 636 2972 743 3023; x_wconf 87' lang='lat' dir='ltr'>initium</span> <span class='ocrx_word' id='word_1_233' title='bbox 757 2988 853 3024; x_wconf 86' lang='lat' dir='ltr'>senec-</span> 
     </span>
     <span class='ocr_line' id='line_1_36' title="bbox 67 2988 852 3109; baseline -0.001 -18"><span class='ocrx_word' id='word_1_234' title='bbox 67 3036 102 3091; x_wconf 80' lang='lat' dir='ltr'>do</span> <span class='ocrx_word' id='word_1_235' title='bbox 117 3036 227 3106; x_wconf 76' lang='lat' dir='ltr'>sactus)</span> <span class='ocrx_word' id='word_1_236' title='bbox 247 3037 366 3109; x_wconf 70' lang='lat' dir='ltr'>Oratorib</span> <span class='ocrx_word' id='word_1_237' title='bbox 386 3037 439 3088; x_wconf 88' lang='lat' dir='ltr'>for·</span> <span class='ocrx_word' id='word_1_238' title='bbox 472 3042 535 3091; x_wconf 85' lang='lat' dir='ltr'>tutis</span> <span class='ocrx_word' id='word_1_239' title='bbox 549 2988 582 3091; x_wconf 76' lang='lat' dir='ltr'>al</span> <span class='ocrx_word' id='word_1_240' title='bbox 592 3057 664 3091; x_wconf 85' lang='lat' dir='ltr'>annu</span> <span class='ocrx_word' id='word_1_241' title='bbox 676 3040 761 3090; x_wconf 79' lang='lat' dir='ltr'>oetetis</span> <span class='ocrx_word' id='word_1_242' title='bbox 776 3053 852 3090; x_wconf 84' lang='lat' dir='ltr'>sexto</span> 
     </span>
     <span class='ocr_line' id='line_1_37' title="bbox 67 3102 853 3176; baseline 0.003 -22"><span class='ocrx_word' id='word_1_243' title='bbox 67 3117 135 3154; x_wconf 83' lang='lat' dir='ltr'>tasse</span> <span class='ocrx_word' id='word_1_244' title='bbox 153 3102 250 3154; x_wconf 84' lang='lat' dir='ltr'>dictum</span> <span class='ocrx_word' id='word_1_245' title='bbox 265 3106 296 3154; x_wconf 89' lang='lat' dir='ltr'>ad</span> <span class='ocrx_word' id='word_1_246' title='bbox 316 3120 371 3154; x_wconf 88' lang='lat' dir='ltr'>rem</span> <span class='ocrx_word' id='word_1_247' title='bbox 392 3121 440 3155; x_wconf 86' lang='lat' dir='ltr'>au·</span> <span class='ocrx_word' id='word_1_248' title='bbox 472 3119 499 3156; x_wconf 88' lang='lat' dir='ltr'>et</span> <span class='ocrx_word' id='word_1_249' title='bbox 519 3108 717 3176; x_wconf 76' lang='lat' dir='ltr'>quadragesimo</span> <span class='ocrx_word' id='word_1_250' title='bbox 743 3107 853 3171; x_wconf 77' lang='lat' dir='ltr'>peteba-</span> 
     </span>
     <span class='ocr_line' id='line_1_38' title="bbox 66 3167 857 3241; baseline 0.008 -23"><span class='ocrx_word' id='word_1_251' title='bbox 66 3168 187 3238; x_wconf 80' lang='lat' dir='ltr'>genduni.</span> <span class='ocrx_word' id='word_1_252' title='bbox 220 3170 278 3218; x_wconf 88' lang='lat' dir='ltr'>Nisi</span> <span class='ocrx_word' id='word_1_253' title='bbox 296 3167 384 3236; x_wconf 72' lang='lat' dir='ltr'>potiris</span> <span class='ocrx_word' id='word_1_254' title='bbox 399 3172 439 3222; x_wconf 89' lang='lat' dir='ltr'>di·</span> <span class='ocrx_word' id='word_1_255' title='bbox 473 3185 522 3224; x_wconf 87' lang='lat' dir='ltr'>tur.</span> <span class='ocrx_word' id='word_1_256' title='bbox 539 3175 569 3224; x_wconf 89' lang='lat' dir='ltr'>ld</span> <span class='ocrx_word' id='word_1_257' title='bbox 585 3187 670 3224; x_wconf 88' lang='lat' dir='ltr'>autem</span> <span class='ocrx_word' id='word_1_258' title='bbox 684 3175 770 3224; x_wconf 68' lang='lat' dir='ltr'>fetatis</span> <span class='ocrx_word' id='word_1_259' title='bbox 785 3187 857 3241; x_wconf 49' lang='lat' dir='ltr'>tunc,</span> 
     </span>
     <span class='ocr_line' id='line_1_39' title="bbox 56 3235 844 3294; baseline 0.003 -7"><span class='ocrx_word' id='word_1_260' title='bbox 56 3239 178 3288; x_wconf 86' lang='lat' dir='ltr'>‘cendum</span> <span class='ocrx_word' id='word_1_261' title='bbox 189 3235 396 3287; x_wconf 84' lang='lat' dir='ltr'>eetLiviumhlc</span> <span class='ocrx_word' id='word_1_262' title='bbox 407 3255 439 3289; x_wconf 87' lang='lat' dir='ltr'>ex</span> <span class='ocrx_word' id='word_1_263' title='bbox 474 3241 667 3294; x_wconf 80' lang='lat' dir='ltr'>eratAnttibel.</span> <span class='ocrx_word' id='word_1_264' title='bbox 835 3238 844 3247; x_wconf 84' lang='grc'>”</span> 
     </span>
    </p>
   </div>
   <div class='ocr_carea' id='block_1_5' title="bbox 66 3303 437 3375">
    <p class='ocr_par' dir='ltr' id='par_1_35' title="bbox 66 3303 437 3375">
     <span class='ocr_line' id='line_1_40' title="bbox 66 3303 437 3375; baseline -0.011 -17"><span class='ocrx_word' id='word_1_265' title='bbox 66 3321 139 3358; x_wconf 82' lang='lat' dir='ltr'>more</span> <span class='ocrx_word' id='word_1_266' title='bbox 152 3306 332 3357; x_wconf 79' lang='lat' dir='ltr'>Romanorum</span> <span class='ocrx_word' id='word_1_267' title='bbox 345 3303 437 3375; x_wconf 86' lang='lat' dir='ltr'>loqui,</span> 
     </span>
    </p>
   </div>
   <div class='ocr_carea' id='block_1_6' title="bbox 664 3364 956 3565">
    <p class='ocr_par' dir='ltr' id='par_1_36' title="bbox 664 3364 956 3565">
     <span class='ocr_line' id='line_1_41' title="bbox 664 3364 956 3565; baseline -0.003 -131"><span class='ocrx_word' id='word_1_268' title='bbox 664 3373 731 3434; x_wconf 61' lang='lat' dir='ltr'>n</span> <span class='ocrx_word' id='word_1_269' title='bbox 816 3364 956 3565; x_wconf 51' lang='lat'>4,</span> 
     </span>
    </p>
   </div>
   <div class='ocr_carea' id='block_1_7' title="bbox 0 0 1020 3780">
    <p class='ocr_par' dir='ltr' id='par_1_37' title="bbox 0 0 1020 3780">
     <span class='ocr_line' id='line_1_42' title="bbox 0 0 1020 3780; baseline 0 0"><span class='ocrx_word' id='word_1_270' title='bbox 0 0 1020 3780; x_wconf 95' lang='lat' dir='ltr'> </span> 
     </span>
    </p>
   </div>
  </div>
 </body>
</html>
