2016 3780
42 768 84 799 ‚ct-

112 235 176 315 164
337 226 462 300 Trai
508 226 658 296 Lrv‘rr
699 226 709 237 ’

109 353 211 395 curam
229 344 412 395 converteret
426 332 555 393 hostium
577 332 719 403 animos;
752 327 851 389 simul
869 324 898 389 ui

110 432 188 490 qua,
211 414 278 473 crim
303 414 368 494 ipse
395 412 430 471 ad
454 410 615 492 Syphacem
643 407 901 488 Asdrubalemquc

106 493 259 573 proiectus
272 503 371 566 esset,
394 493 514 570 eruptio
528 511 565 549 ex
582 487 657 549 urbe
675 500 707 547 et
725 488 902 570 impetusiu

108 584 204 634 castra
215 593 266 634 sua
281 574 385 635 relicta
397 572 466 633 cdm
479 572 537 630 levi
547 566 689 649 prasidio
701 567 809 629 fieret.

42 707 98 766 5⁸³⁶
147 698 215 765 VH.
231 699 284 759 tris
302 697 469 778 preparatis
485 738 496 769 ,
523 695 726 772 advocatoque
747 695 902 769 consilio,

42 826 58 864 ἦ
107 779 225 840 edicere
249 777 485 861 exploratoribus
505 775 621 855 jussis,
648 793 717 852 quae
747 788 902 855 comperta

107 859 272 931 afferrent,
299 857 538 934 Masinissaque,
567 854 618 914 cui
644 854 751 915 omnin
774 855 903 916 hostium

105 951 175 999 nota
199 947 315 1009 erant,
348 938 500 1015 postremi)
522 936 588 1012 ipse
617 932 693 1010 quid
724 947 851 1012 pararet
876 937 902 994 in

105 1019 274 1101 proximam
294 1028 410 1076 noctem
428 1059 438 1086 ,
458 1012 608 1094 proponit.
627 1013 783 1073 Tribunis
797 1015 903 1088 edicit,

105 1111 139 1161 ut
154 1143 163 1172 ,
193 1099 243 1159 ubi
258 1098 396 1178 praetorio
409 1094 531 1153 dimisso
544 1094 631 1169 signa
647 1094 901 1168 concinuissent,

106 1179 260 1260 extempio
273 1176 430 1236 educerent
450 1173 557 1233 castris
569 1171 715 1249 legiones.
734 1172 787 1234 Ita
805 1187 841 1235 ut
856 1177 903 1235 irn-

105 1269 283 1342 peravecat,
307 1255 389 1331 signa
406 1252 460 1313 sub
474 1269 612 1312 occasum
626 1251 702 1311 solia
720 1252 834 1315 efferri
846 1264 902 1315 suut

106 1349 213 1417 coepta.
237 1333 286 1395 Ad
306 1335 432 1413 primam
450 1330 545 1391 ferme
557 1330 698 1410 ,vigiliam
724 1353 843 1410 agmen
861 1355 901 1395 ex·

129 1419 296 1476 licaverunt
318 1435 324 1471 :
342 1411 442 1472 rnedid
462 1422 549 1472 nocte
567 1416 713 1492 (septem
734 1416 829 1475 enirn
845 1412 903 1475 mil·

105 1436 151 1557 iia
175 1497 295 1556 itineris
324 1495 440 1566 erant)
467 1492 584 1552 modico
615 1490 707 1570 gradu
746 1494 790 1556 ad
816 1507 902 1558 castra

106 1577 240 1641 hostium
253 1585 444 1669 perventum.
466 1571 512 1633 lbi
531 1571 633 1653 Scipio
652 1583 781 1652 partem
807 1578 902 1658 copia·

106 1676 173 1718 rum
190 1657 304 1727 Laelio,
321 1653 565 1732 Masinissamque
574 1671 608 1714 ac
620 1652 772 1715 Numidas
787 1699 797 1728 ,
827 1656 903 1717 sttri·

106 1734 173 1797 buit
196 1759 203 1797 ε
229 1748 258 1795 et
280 1745 375 1797 castra
398 1734 417 1794 S
459 1733 542 1796 bacis
563 1731 727 1807 invadere,
762 1736 904 1816 ignesque

106 1817 257 1893 conjicere
268 1814 360 1890 jubet.
376 1814 423 1890 (3)
456 1812 572 1892 iugulos
589 1811 698 1872 deindd
719 1819 903 1896 separatim,

102 1893 231 1955 Laei'ium
259 1912 293 1953 ac
319 1892 507 1953 Masinissam
531 1890 672 1951 seductos
704 1894 904 1969 obtestatur,

111 1972 150 2035 Ut
163 2017 173 2047 ,
202 1984 336 2054 quantum
351 1974 604 2051 namprovidantia
623 1975 756 2046 adimat,
793 1989 901 2037 tantam

107 2052 260 2133 diligantid
277 2050 435 2132 expleant,
452 2051 581 2133 carique.
601 2047 637 2110 Se
652 2052 903 2136 Asdrubalemqaa

108 2134 275 2214 Punicaque
307 2145 402 2192 castra
427 2132 645 2211 'aggressurum
683 2129 825 2195 Ceterum
858 2156 902 2195 nes

109 2213 176 2275 anti
197 2225 375 2294 capturum,
407 2211 490 2294 patim
510 2214 605 2291 ignem
628 2213 657 2270 in
682 2217 775 2289 regiis
800 2212 899 2277 castris

110 2293 315 2375 conspexisset.

152 2407 234 2469 vttt.
249 2408 353 2483 Neque
369 2425 403 2464 ea
418 2423 465 2465 res
484 2417 599 2467 morata
621 2403 672 2464 diu
693 2416 750 2465 est.
774 2409 853 2469 Nam
872 2418 904 2468 ut

111 2487 218 2570 primis
243 2484 317 2545 casis
337 2487 465 2563 injectus
494 2486 573 2563 ignis
598 2485 711 2549 haesit.
746 2489 900 2570 extempld

79 2633 86 2643 Ι
111 2567 247 2650 proxima
267 2584 419 2645 queque,
455 2576 486 2623 st
505 2566 646 2645 deinceps
676 2567 823 2629 continua
850 2589 902 2629 am·

112 2647 240 2730 plexus,
268 2647 340 2707 totis
360 2665 392 2706 se
415 2647 527 2728 passim
545 2644 699 2725 dissipavit
723 2651 845 2711 castris.
867 2649 902 2709 Et

112 2727 273 2807 trepidatio
292 2725 431 2804 quidem,
458 2732 522 2803 (4)
543 2739 648 2805 quanta
670 2744 794 2786 necesse
817 2742 898 2800 erat,

111 2808 301 2895 inlnocturno
312 2803 407 2865 effuso
421 2817 480 2866 tam
491 2806 550 2867 iate
567 2804 730 2878 incendio,
754 2818 824 2870 orta
837 2820 898 2871 est:

147 2979 162 3028 3
172 2974 340 3047 (Singulos)
351 2975 488 3053 Singulos
521 2979 594 3027 mina
606 2976 681 3028 Laelii
691 2987 718 3027 et
728 2976 901 3041 Masinissae,

114 3041 215 3095 deinde
232 3042 380 3109 separatim
401 3059 415 3092 a
431 3057 487 3090 sese
523 3056 550 3092 ut
558 3045 723 3110 restringeret
736 3060 832 3096 vocem
843 3047 900 3098 sin-

114 3109 251 3164 invicem5
277 3105 416 3168 Laelium,
445 3107 488 3157 in·
521 3109 624 3177 gulos,
645 3126 702 3177 qum
719 3109 829 3164 ‘latioris'
850 3114 900 3181 sig·

115 3191 212 3243 quarn,
237 3185 263 3223 et
283 3171 485 3234 Masinissam,
521 3171 683 3229 nificationis
695 3194 751 3227 esse
765 3190 883 3245 poterat.

114 3238 486 3307 serdrctositvulgoetturbd,
553 3244 569 3304 'i
600 3241 610 3305 (
636 3240 747 3358 ἳιιαηια
781 3261 899 3297 necesso

113 3306 272 3359 obtestatur.
300 3308 408 3358 Videtur
440 3307 487 3358 Li·
520 3321 580 3358 erat
607 3308 630 3370 ).
657 3310 722 3383 'orte
754 3320 899 3378 quaenam.

115 3371 172 3425 vius
188 3370 248 3427 idei
267 3375 422 3442 expressisse
436 3390 488 3429 uo·
520 3371 622 3445 supple
646 3391 726 3437 ortrt.
