<?xml version="1.0" encoding="UTF-8"?>
<!DOCTYPE html PUBLIC "-//W3C//DTD XHTML 1.0 Transitional//EN"
    "http://www.w3.org/TR/xhtml1/DTD/xhtml1-transitional.dtd">
<html xmlns="http://www.w3.org/1999/xhtml" xml:lang="en" lang="en">
 <head>
  <title>
</title>
<meta http-equiv="Content-Type" content="text/html;charset=utf-8" />
  <meta name='ocr-system' content='tesseract 3.04.00' />
  <meta name='ocr-capabilities' content='ocr_page ocr_carea ocr_par ocr_line ocrx_word'/>
</head>
<body>
  <div class='ocr_page' id='page_1' title='image "./selectaetitoliv00livygoog_0038.png"; bbox 0 0 2016 3780; ppageno 0'>
   <div class='ocr_carea' id='block_1_1' title="bbox 75 134 866 630">
    <p class='ocr_par' dir='ltr' id='par_1_1' title="bbox 75 134 866 478">
     <span class='ocr_line' id='line_1_1' title="bbox 269 134 859 217; baseline -0.024 1"><span class='ocrx_word' id='word_1_1' title='bbox 269 146 562 217; x_wconf 76' lang='lat' dir='ltr'><em>Nsnssrro</em></span> <span class='ocrx_word' id='word_1_2' title='bbox 610 134 658 207; x_wconf 88' lang='lat' dir='ltr'><em>X.</em></span> <span class='ocrx_word' id='word_1_3' title='bbox 813 141 859 205; x_wconf 74' lang='lat'><em>33</em></span> 
     </span>
     <span class='ocr_line' id='line_1_2' title="bbox 75 294 866 351; baseline -0.02 0"><span class='ocrx_word' id='word_1_4' title='bbox 75 294 866 351; x_wconf 49' lang='grc' dir='ltr'><em>Μ</em></span> 
     </span>
     <span class='ocr_line' id='line_1_3' title="bbox 246 403 691 478; baseline -0.018 1"><span class='ocrx_word' id='word_1_5' title='bbox 246 407 279 477; x_wconf 92' lang='lat' dir='ltr'>N</span> <span class='ocrx_word' id='word_1_6' title='bbox 294 409 329 478; x_wconf 84' lang='lat' dir='ltr'>A</span> <span class='ocrx_word' id='word_1_7' title='bbox 342 406 374 478; x_wconf 89' lang='lat' dir='ltr'>R</span> <span class='ocrx_word' id='word_1_8' title='bbox 388 407 420 478; x_wconf 80' lang='lat' dir='ltr'>fl</span> <span class='ocrx_word' id='word_1_9' title='bbox 436 408 469 477; x_wconf 89' lang='lat' dir='ltr'>A</span> <span class='ocrx_word' id='word_1_10' title='bbox 486 404 520 475; x_wconf 87' lang='lat' dir='ltr'>T</span> <span class='ocrx_word' id='word_1_11' title='bbox 537 407 552 475; x_wconf 92' lang='lat'><em>1</em></span> <span class='ocrx_word' id='word_1_12' title='bbox 568 405 601 473; x_wconf 94' lang='grc' dir='ltr'>Ο</span> <span class='ocrx_word' id='word_1_13' title='bbox 640 403 691 474; x_wconf 85' lang='grc' dir='ltr'><em>Χ.</em></span> 
     </span>
    </p>

    <p class='ocr_par' dir='ltr' id='par_1_2' title="bbox 112 543 759 630">
     <span class='ocr_line' id='line_1_4' title="bbox 112 543 759 630; baseline -0.006 -10"><span class='ocrx_word' id='word_1_14' title='bbox 112 556 118 564; x_wconf 84' lang='grc'><em>“</em></span> <span class='ocrx_word' id='word_1_15' title='bbox 179 545 325 630; x_wconf 75' lang='lat' dir='ltr'><em>Horttii</em></span> <span class='ocrx_word' id='word_1_16' title='bbox 369 544 526 619; x_wconf 87' lang='lat' dir='ltr'><em>Coclitis</em></span> <span class='ocrx_word' id='word_1_17' title='bbox 567 543 759 617; x_wconf 82' lang='lat' dir='ltr'><em>fortitudo.</em></span> 
     </span>
    </p>
   </div>
   <div class='ocr_carea' id='block_1_2' title="bbox 72 789 997 1325">
    <p class='ocr_par' dir='ltr' id='par_1_3' title="bbox 72 789 997 1325">
     <span class='ocr_line' id='line_1_5' title="bbox 106 789 996 862; baseline 0 -21"><span class='ocrx_word' id='word_1_18' title='bbox 106 789 232 842; x_wconf 82' lang='lat' dir='ltr'><strong><em>Porsena</em></strong></span> <span class='ocrx_word' id='word_1_19' title='bbox 240 825 248 852; x_wconf 87' lang='lat'><em>,</em></span> <span class='ocrx_word' id='word_1_20' title='bbox 271 808 324 842; x_wconf 73' lang='lat' dir='ltr'><em>reu</em></span> <span class='ocrx_word' id='word_1_21' title='bbox 339 792 535 852; x_wconf 79' lang='lat' dir='ltr'><em>Etruseorum,</em></span> <span class='ocrx_word' id='word_1_22' title='bbox 556 791 620 843; x_wconf 84' lang='lat' dir='ltr'><em>clsm</em></span> <span class='ocrx_word' id='word_1_23' title='bbox 642 790 812 857; x_wconf 82' lang='lat' dir='ltr'><em>Tarquinios</em></span> <span class='ocrx_word' id='word_1_24' title='bbox 831 790 862 844; x_wconf 88' lang='lat' dir='ltr'><em>in</em></span> <span class='ocrx_word' id='word_1_25' title='bbox 875 803 931 854; x_wconf 65' lang='lat' dir='ltr'><em>uc,</em></span> <span class='ocrx_word' id='word_1_26' title='bbox 940 801 996 862; x_wconf 62' lang='grc' dir='ltr'><em>ῳ,</em></span> 
     </span>
     <span class='ocr_line' id='line_1_6' title="bbox 72 856 997 927; baseline 0.008 -21"><span class='ocrx_word' id='word_1_27' title='bbox 72 871 189 927; x_wconf 81' lang='lat' dir='ltr'><em>regnum</em></span> <span class='ocrx_word' id='word_1_28' title='bbox 200 857 350 910; x_wconf 81' lang='lat' dir='ltr'><em>restituere</em></span> <span class='ocrx_word' id='word_1_29' title='bbox 364 870 489 919; x_wconf 83' lang='lat' dir='ltr'><em>tentaret,</em></span> <span class='ocrx_word' id='word_1_30' title='bbox 501 866 529 907; x_wconf 93' lang='lat' dir='ltr'><em>et</em></span> <span class='ocrx_word' id='word_1_31' title='bbox 537 856 628 927; x_wconf 85' lang='lat' dir='ltr'><em>primo</em></span> <span class='ocrx_word' id='word_1_32' title='bbox 638 861 739 926; x_wconf 86' lang='lat' dir='ltr'><em>impetu</em></span> <span class='ocrx_word' id='word_1_33' title='bbox 748 857 862 910; x_wconf 75' lang='lat' dir='ltr'><em>Ianicu·</em></span> <span class='ocrx_word' id='word_1_34' title='bbox 875 881 898 913; x_wconf 80' lang='lat' dir='ltr'><em>a.</em></span> <span class='ocrx_word' id='word_1_35' title='bbox 905 866 932 915; x_wconf 87' lang='lat' dir='ltr'><em>C.</em></span> <span class='ocrx_word' id='word_1_36' title='bbox 942 865 997 923; x_wconf 67' lang='grc' dir='ltr'><em>Μ,</em></span> 
     </span>
     <span class='ocr_line' id='line_1_7' title="bbox 74 918 870 992; baseline 0.006 -18"><span class='ocrx_word' id='word_1_37' title='bbox 74 921 131 975; x_wconf 88' lang='lat' dir='ltr'><em>lum</em></span> <span class='ocrx_word' id='word_1_38' title='bbox 147 921 285 992; x_wconf 80' lang='lat' dir='ltr'><em>cepisset,</em></span> <span class='ocrx_word' id='word_1_39' title='bbox 301 923 435 976; x_wconf 76' lang='lat' dir='ltr'><em>Horatius</em></span> <span class='ocrx_word' id='word_1_40' title='bbox 449 922 552 975; x_wconf 84' lang='lat' dir='ltr'><em>Cocles</em></span> <span class='ocrx_word' id='word_1_41' title='bbox 571 941 621 989; x_wconf 90' lang='lat' dir='ltr'><em>pro</em></span> <span class='ocrx_word' id='word_1_42' title='bbox 638 937 720 990; x_wconf 88' lang='lat' dir='ltr'><em>ponte</em></span> <span class='ocrx_word' id='word_1_43' title='bbox 741 918 870 979; x_wconf 82' lang='lat' dir='ltr'><em>sublicio.</em></span> 
     </span>
     <span class='ocr_line' id='line_1_8' title="bbox 73 987 863 1058; baseline 0.004 -19"><span class='ocrx_word' id='word_1_44' title='bbox 73 987 165 1048; x_wconf 85' lang='lat' dir='ltr'><em>stetit,</em></span> <span class='ocrx_word' id='word_1_45' title='bbox 177 1000 204 1040; x_wconf 87' lang='lat' dir='ltr'><em>et</em></span> <span class='ocrx_word' id='word_1_46' title='bbox 213 988 303 1042; x_wconf 81' lang='lat' dir='ltr'><em>aciem</em></span> <span class='ocrx_word' id='word_1_47' title='bbox 314 988 434 1042; x_wconf 84' lang='lat' dir='ltr'><em>hostium</em></span> <span class='ocrx_word' id='word_1_48' title='bbox 444 989 522 1041; x_wconf 84' lang='lat' dir='ltr'><em>solus</em></span> <span class='ocrx_word' id='word_1_49' title='bbox 531 988 665 1041; x_wconf 79' lang='lat' dir='ltr'><em>sustinuit</em></span> <span class='ocrx_word' id='word_1_50' title='bbox 675 1026 682 1050; x_wconf 91' lang='lat'><em>,</em></span> <span class='ocrx_word' id='word_1_51' title='bbox 696 990 784 1041; x_wconf 80' lang='lat' dir='ltr'><em>donec</em></span> <span class='ocrx_word' id='word_1_52' title='bbox 793 1008 863 1058; x_wconf 89' lang='lat' dir='ltr'><em>pons</em></span> 
     </span>
     <span class='ocr_line' id='line_1_9' title="bbox 74 1051 871 1122; baseline 0.003 -18"><span class='ocrx_word' id='word_1_53' title='bbox 74 1051 147 1104; x_wconf 76' lang='lat' dir='ltr'><em>riter</em></span> <span class='ocrx_word' id='word_1_54' title='bbox 168 1075 184 1106; x_wconf 94' lang='lat' dir='ltr'><em>o</em></span> <span class='ocrx_word' id='word_1_55' title='bbox 193 1054 444 1122; x_wconf 75' lang='lat' dir='ltr'><em>interrumperetur,</em></span> <span class='ocrx_word' id='word_1_56' title='bbox 454 1075 516 1107; x_wconf 85' lang='lat' dir='ltr'><em>eum</em></span> <span class='ocrx_word' id='word_1_57' title='bbox 526 1074 581 1122; x_wconf 88' lang='lat' dir='ltr'><em>quo</em></span> <span class='ocrx_word' id='word_1_58' title='bbox 591 1055 685 1108; x_wconf 84' lang='lat' dir='ltr'><em>statim</em></span> <span class='ocrx_word' id='word_1_59' title='bbox 695 1055 725 1108; x_wconf 88' lang='lat' dir='ltr'><em>in</em></span> <span class='ocrx_word' id='word_1_60' title='bbox 740 1055 871 1108; x_wconf 83' lang='lat' dir='ltr'><em>Tiberim¹</em></span> 
     </span>
     <span class='ocr_line' id='line_1_10' title="bbox 76 1117 865 1183; baseline 0.004 -13"><span class='ocrx_word' id='word_1_61' title='bbox 76 1117 141 1170; x_wconf 84' lang='lat' dir='ltr'><em>‹leei</em></span> <span class='ocrx_word' id='word_1_62' title='bbox 168 1119 191 1183; x_wconf 86' lang='lat' dir='ltr'><em>’t,</em></span> <span class='ocrx_word' id='word_1_63' title='bbox 205 1135 232 1173; x_wconf 84' lang='lat' dir='ltr'><em>et</em></span> <span class='ocrx_word' id='word_1_64' title='bbox 244 1133 368 1173; x_wconf 83' lang='lat' dir='ltr'><em>urrrratus</em></span> <span class='ocrx_word' id='word_1_65' title='bbox 378 1121 416 1174; x_wconf 81' lang='lat' dir='ltr'><em>ad</em></span> <span class='ocrx_word' id='word_1_66' title='bbox 424 1140 491 1174; x_wconf 89' lang='lat' dir='ltr'><em>suos</em></span> <span class='ocrx_word' id='word_1_67' title='bbox 499 1121 627 1175; x_wconf 72' lang='lat' dir='ltr'><em>tranavit.</em></span> <span class='ocrx_word' id='word_1_68' title='bbox 650 1121 693 1175; x_wconf 88' lang='lat' dir='ltr'><em>Ob</em></span> <span class='ocrx_word' id='word_1_69' title='bbox 704 1118 756 1174; x_wconf 86' lang='lat' dir='ltr'><em>boe</em></span> <span class='ocrx_word' id='word_1_70' title='bbox 765 1122 795 1175; x_wconf 92' lang='lat' dir='ltr'><em>ei</em></span> <span class='ocrx_word' id='word_1_71' title='bbox 804 1133 865 1173; x_wconf 85' lang='lat' dir='ltr'><em>tun-</em></span> 
     </span>
     <span class='ocr_line' id='line_1_11' title="bbox 75 1184 866 1263; baseline 0.005 -27"><span class='ocrx_word' id='word_1_72' title='bbox 75 1184 134 1236; x_wconf 77' lang='lat' dir='ltr'><em>rum</em></span> <span class='ocrx_word' id='word_1_73' title='bbox 140 1186 206 1262; x_wconf 69' lang='lat' dir='ltr'><em>ugri</em></span> <span class='ocrx_word' id='word_1_74' title='bbox 208 1186 319 1263; x_wconf 75' lang='lat' dir='ltr'><em>publici</em></span> <span class='ocrx_word' id='word_1_75' title='bbox 326 1186 419 1239; x_wconf 78' lang='lat' dir='ltr'><em>elutum</em></span> <span class='ocrx_word' id='word_1_76' title='bbox 426 1201 477 1253; x_wconf 89' lang='lat' dir='ltr'><em>est,</em></span> <span class='ocrx_word' id='word_1_77' title='bbox 486 1191 616 1256; x_wconf 74' lang='lat' dir='ltr'><em>quantiam</em></span> <span class='ocrx_word' id='word_1_78' title='bbox 623 1208 676 1241; x_wconf 87' lang='lat' dir='ltr'><em>uno</em></span> <span class='ocrx_word' id='word_1_79' title='bbox 687 1188 735 1241; x_wconf 84' lang='lat' dir='ltr'><em>die</em></span> <span class='ocrx_word' id='word_1_80' title='bbox 745 1188 866 1241; x_wconf 86' lang='lat' dir='ltr'><em>circum·</em></span> 
     </span>
     <span class='ocr_line' id='line_1_12' title="bbox 76 1254 837 1325; baseline 0.011 -25"><span class='ocrx_word' id='word_1_81' title='bbox 76 1266 151 1303; x_wconf 79' lang='lat' dir='ltr'><em>arari</em></span> <span class='ocrx_word' id='word_1_82' title='bbox 157 1264 311 1320; x_wconf 81' lang='lat' dir='ltr'><em>potuisset:</em></span> <span class='ocrx_word' id='word_1_83' title='bbox 320 1265 410 1307; x_wconf 85' lang='lat' dir='ltr'><em>statua</em></span> <span class='ocrx_word' id='word_1_84' title='bbox 418 1273 528 1325; x_wconf 85' lang='lat' dir='ltr'><em>quoque</em></span> <span class='ocrx_word' id='word_1_85' title='bbox 537 1254 566 1309; x_wconf 82' lang='lat' dir='ltr'><em>ei</em></span> <span class='ocrx_word' id='word_1_86' title='bbox 574 1255 604 1311; x_wconf 92' lang='lat' dir='ltr'><em>in</em></span> <span class='ocrx_word' id='word_1_87' title='bbox 612 1255 727 1310; x_wconf 80' lang='lat' dir='ltr'><em>corru&#39;tio</em></span> <span class='ocrx_word' id='word_1_88' title='bbox 734 1255 837 1324; x_wconf 83' lang='lat' dir='ltr'><em>posita.</em></span> 
     </span>
    </p>
   </div>
   <div class='ocr_carea' id='block_1_3' title="bbox 23 1345 867 1482">
    <p class='ocr_par' dir='ltr' id='par_1_4' title="bbox 23 1345 867 1482">
     <span class='ocr_line' id='line_1_13' title="bbox 23 1345 867 1482; baseline 0.012 -24"><span class='ocrx_word' id='word_1_89' title='bbox 23 1443 26 1447; x_wconf 65' lang='lat'><strong>.</strong></span> <span class='ocrx_word' id='word_1_90' title='bbox 51 1386 53 1391; x_wconf 55' lang='grc'>’</span> <span class='ocrx_word' id='word_1_91' title='bbox 79 1345 291 1473; x_wconf 68' lang='lat' dir='ltr'><em>Possem</em></span> <span class='ocrx_word' id='word_1_92' title='bbox 310 1425 414 1482; x_wconf 81' lang='lat' dir='ltr'><em>regum</em></span> <span class='ocrx_word' id='word_1_93' title='bbox 427 1406 524 1479; x_wconf 88' lang='lat' dir='ltr'><em>uitur,</em></span> <span class='ocrx_word' id='word_1_94' title='bbox 541 1405 610 1468; x_wconf 82' lang='lat' dir='ltr'><em>cbm</em></span> <span class='ocrx_word' id='word_1_95' title='bbox 621 1406 743 1468; x_wconf 80' lang='lat' dir='ltr'><em>Romam</em></span> <span class='ocrx_word' id='word_1_96' title='bbox 757 1403 867 1469; x_wconf 83' lang='lat' dir='ltr'><em>infesto</em></span> 
     </span>
    </p>
   </div>
   <div class='ocr_carea' id='block_1_4' title="bbox 33 1482 964 3176">
    <p class='ocr_par' dir='ltr' id='par_1_5' title="bbox 33 1482 964 3176">
     <span class='ocr_line' id='line_1_14' title="bbox 79 1482 870 1565; baseline 0.004 -23"><span class='ocrx_word' id='word_1_97' title='bbox 79 1482 215 1543; x_wconf 84' lang='lat' dir='ltr'><em>exercitu</em></span> <span class='ocrx_word' id='word_1_98' title='bbox 231 1483 374 1555; x_wconf 84' lang='lat' dir='ltr'><em>venisset,</em></span> <span class='ocrx_word' id='word_1_99' title='bbox 386 1485 511 1543; x_wconf 81' lang='lat' dir='ltr'><em>Romani</em></span> <span class='ocrx_word' id='word_1_100' title='bbox 524 1504 581 1562; x_wconf 90' lang='lat' dir='ltr'><em>pro</em></span> <span class='ocrx_word' id='word_1_101' title='bbox 595 1504 625 1544; x_wconf 89' lang='lat' dir='ltr'><em>se</em></span> <span class='ocrx_word' id='word_1_102' title='bbox 640 1486 763 1565; x_wconf 87' lang='lat' dir='ltr'><em>quisque</em></span> <span class='ocrx_word' id='word_1_103' title='bbox 778 1486 808 1543; x_wconf 87' lang='lat' dir='ltr'><em>in</em></span> <span class='ocrx_word' id='word_1_104' title='bbox 821 1507 870 1545; x_wconf 65' lang='lat' dir='ltr'><em>ura</em></span> 
     </span>
     <span class='ocr_line' id='line_1_15' title="bbox 80 1561 870 1644; baseline 0.001 -20"><span class='ocrx_word' id='word_1_105' title='bbox 80 1564 151 1624; x_wconf 89' lang='lat' dir='ltr'><em>bem</em></span> <span class='ocrx_word' id='word_1_106' title='bbox 165 1583 201 1622; x_wconf 77' lang='lat' dir='ltr'><em>es.</em></span> <span class='ocrx_word' id='word_1_107' title='bbox 221 1563 299 1643; x_wconf 82' lang='lat' dir='ltr'><em>egris</em></span> <span class='ocrx_word' id='word_1_108' title='bbox 315 1561 504 1639; x_wconf 82' lang='lat' dir='ltr'><em>demigrant:</em></span> <span class='ocrx_word' id='word_1_109' title='bbox 525 1564 624 1621; x_wconf 86' lang='lat' dir='ltr'><em>urbem</em></span> <span class='ocrx_word' id='word_1_110' title='bbox 640 1565 735 1644; x_wconf 83' lang='lat' dir='ltr'><em>ipsam</em></span> <span class='ocrx_word' id='word_1_111' title='bbox 750 1566 870 1644; x_wconf 86' lang='lat' dir='ltr'><em>sepiunt</em></span> 
     </span>
     <span class='ocr_line' id='line_1_16' title="bbox 102 1641 877 1729; baseline 0 -25"><span class='ocrx_word' id='word_1_112' title='bbox 102 1641 235 1704; x_wconf 80' lang='lat' dir='ltr'><em>raesid&#39;tls.</em></span> <span class='ocrx_word' id='word_1_113' title='bbox 255 1642 322 1702; x_wconf 77' lang='lat' dir='ltr'><em>Atia</em></span> <span class='ocrx_word' id='word_1_114' title='bbox 336 1645 451 1715; x_wconf 87' lang='lat' dir='ltr'><em>muris,</em></span> <span class='ocrx_word' id='word_1_115' title='bbox 467 1644 526 1702; x_wconf 77' lang='lat' dir='ltr'><em>alia</em></span> <span class='ocrx_word' id='word_1_116' title='bbox 537 1642 641 1702; x_wconf 83' lang='lat' dir='ltr'><em>Tiberi</em></span> <span class='ocrx_word' id='word_1_117' title='bbox 657 1643 774 1722; x_wconf 82' lang='lat' dir='ltr'><em>objecto</em></span> <span class='ocrx_word' id='word_1_118' title='bbox 785 1642 877 1729; x_wconf 31' lang='lat' dir='ltr'><em>vide-q</em></span> 
     </span>
     <span class='ocr_line' id='line_1_17' title="bbox 78 1664 902 1803; baseline 0.005 -21"><span class='ocrx_word' id='word_1_119' title='bbox 78 1664 275 1785; x_wconf 74' lang='lat' dir='ltr'><em>bammum.</em></span> <span class='ocrx_word' id='word_1_120' title='bbox 296 1722 373 1783; x_wconf 89' lang='lat' dir='ltr'><em>Pons</em></span> <span class='ocrx_word' id='word_1_121' title='bbox 394 1721 537 1784; x_wconf 88' lang='lat' dir='ltr'><em>sublicius</em></span> <span class='ocrx_word' id='word_1_122' title='bbox 558 1722 616 1780; x_wconf 85' lang='lat' dir='ltr'><em>iter</em></span> <span class='ocrx_word' id='word_1_123' title='bbox 638 1725 715 1803; x_wconf 76' lang='lat' dir='ltr'><em>pene</em></span> <span class='ocrx_word' id='word_1_124' title='bbox 732 1723 870 1785; x_wconf 83' lang='lat' dir='ltr'><em>hostibus</em></span> <span class='ocrx_word' id='word_1_125' title='bbox 898 1736 902 1740; x_wconf 85' lang='lat'>&#39;</span> 
     </span>
     <span class='ocr_line' id='line_1_18' title="bbox 33 1800 870 1875; baseline 0.004 -13"><span class='ocrx_word' id='word_1_126' title='bbox 33 1817 35 1821; x_wconf 82' lang='lat'>&#39;</span> <span class='ocrx_word' id='word_1_127' title='bbox 79 1802 181 1875; x_wconf 85' lang='lat' dir='ltr'><em>dedit,</em></span> <span class='ocrx_word' id='word_1_128' title='bbox 198 1802 230 1862; x_wconf 88' lang='lat' dir='ltr'><em>ni</em></span> <span class='ocrx_word' id='word_1_129' title='bbox 245 1823 322 1864; x_wconf 90' lang='lat' dir='ltr'><em>unus</em></span> <span class='ocrx_word' id='word_1_130' title='bbox 334 1806 379 1862; x_wconf 85' lang='lat' dir='ltr'><em>vir</em></span> <span class='ocrx_word' id='word_1_131' title='bbox 393 1800 514 1875; x_wconf 76' lang='lat' dir='ltr'><em>fuisset,</em></span> <span class='ocrx_word' id='word_1_132' title='bbox 532 1801 669 1863; x_wconf 79' lang='lat' dir='ltr'><em>Horatius</em></span> <span class='ocrx_word' id='word_1_133' title='bbox 684 1803 790 1865; x_wconf 87' lang='lat' dir='ltr'><em>Coeles</em></span> <span class='ocrx_word' id='word_1_134' title='bbox 809 1824 817 1863; x_wconf 79' lang='lat' dir='ltr'><em>z</em></span> <span class='ocrx_word' id='word_1_135' title='bbox 837 1805 870 1865; x_wconf 89' lang='lat' dir='ltr'><em>id</em></span> 
     </span>
     <span class='ocr_line' id='line_1_19' title="bbox 79 1883 964 1963; baseline 0.006 -20"><span class='ocrx_word' id='word_1_136' title='bbox 79 1885 317 1955; x_wconf 84' lang='lat' dir='ltr'><em>munimentum,</em></span> <span class='ocrx_word' id='word_1_137' title='bbox 345 1884 400 1944; x_wconf 89' lang='lat' dir='ltr'><em>illo</em></span> <span class='ocrx_word' id='word_1_138' title='bbox 421 1885 469 1942; x_wconf 91' lang='lat' dir='ltr'><em>die</em></span> <span class='ocrx_word' id='word_1_139' title='bbox 490 1883 606 1944; x_wconf 82' lang='lat' dir='ltr'><em>fortuna</em></span> <span class='ocrx_word' id='word_1_140' title='bbox 628 1883 709 1944; x_wconf 87' lang='lat' dir='ltr'><em>urbis</em></span> <span class='ocrx_word' id='word_1_141' title='bbox 729 1888 884 1948; x_wconf 66' lang='lat' dir='ltr'><em>Romane.</em></span> <span class='ocrx_word' id='word_1_142' title='bbox 959 1954 964 1963; x_wconf 39' lang='lat'><strong>„</strong></span> 
     </span>
     <span class='ocr_line' id='line_1_20' title="bbox 81 1962 872 2046; baseline 0.003 -23"><span class='ocrx_word' id='word_1_143' title='bbox 81 1964 202 2024; x_wconf 81' lang='lat' dir='ltr'><em>habuit:</em></span> <span class='ocrx_word' id='word_1_144' title='bbox 220 1964 269 2042; x_wconf 87' lang='lat' dir='ltr'><em>qui</em></span> <span class='ocrx_word' id='word_1_145' title='bbox 288 1967 402 2043; x_wconf 86' lang='lat' dir='ltr'><em>positus</em></span> <span class='ocrx_word' id='word_1_146' title='bbox 416 1962 491 2023; x_wconf 73' lang='lat' dir='ltr'><em>sorte</em></span> <span class='ocrx_word' id='word_1_147' title='bbox 504 1964 533 2022; x_wconf 93' lang='lat' dir='ltr'><em>in</em></span> <span class='ocrx_word' id='word_1_148' title='bbox 550 1964 675 2024; x_wconf 79' lang='lat' dir='ltr'><em>statione</em></span> <span class='ocrx_word' id='word_1_149' title='bbox 689 1966 788 2046; x_wconf 85' lang='lat' dir='ltr'><em>pontis</em></span> <span class='ocrx_word' id='word_1_150' title='bbox 800 1966 872 2043; x_wconf 77' lang='lat' dir='ltr'><em>cbm</em></span> 
     </span>
     <span class='ocr_line' id='line_1_21' title="bbox 81 2044 918 2123; baseline -0.001 -18"><span class='ocrx_word' id='word_1_151' title='bbox 81 2053 201 2120; x_wconf 85' lang='lat' dir='ltr'><em>captum</em></span> <span class='ocrx_word' id='word_1_152' title='bbox 211 2045 367 2122; x_wconf 83' lang='lat' dir='ltr'><em>repentino</em></span> <span class='ocrx_word' id='word_1_153' title='bbox 380 2047 494 2123; x_wconf 85' lang='lat' dir='ltr'><em>impetu</em></span> <span class='ocrx_word' id='word_1_154' title='bbox 503 2044 691 2114; x_wconf 72' lang='lat' dir='ltr'><em>saniculam,</em></span> <span class='ocrx_word' id='word_1_155' title='bbox 703 2054 792 2123; x_wconf 84' lang='lat' dir='ltr'><em>atque</em></span> <span class='ocrx_word' id='word_1_156' title='bbox 801 2044 873 2116; x_wconf 70' lang='lat' dir='ltr'><em>iudb</em></span> <span class='ocrx_word' id='word_1_157' title='bbox 914 2053 918 2059; x_wconf 85' lang='lat'>&#39;</span> 
     </span>
     <span class='ocr_line' id='line_1_22' title="bbox 82 2121 874 2203; baseline -0.001 -20"><span class='ocrx_word' id='word_1_158' title='bbox 82 2123 189 2183; x_wconf 84' lang='lat' dir='ltr'><em>citatos</em></span> <span class='ocrx_word' id='word_1_159' title='bbox 208 2123 364 2182; x_wconf 82' lang='lat' dir='ltr'><em>decurrere</em></span> <span class='ocrx_word' id='word_1_160' title='bbox 381 2123 481 2182; x_wconf 85' lang='lat' dir='ltr'><em>hostes</em></span> <span class='ocrx_word' id='word_1_161' title='bbox 495 2121 644 2191; x_wconf 85' lang='lat' dir='ltr'><em>vidisset,</em></span> <span class='ocrx_word' id='word_1_162' title='bbox 669 2135 714 2180; x_wconf 85' lang='lat' dir='ltr'><em>tre</em></span> <span class='ocrx_word' id='word_1_163' title='bbox 737 2124 874 2203; x_wconf 77' lang='lat' dir='ltr'><em>idemque</em></span> 
     </span>
     <span class='ocr_line' id='line_1_23' title="bbox 85 2143 875 2281; baseline 0 -20"><span class='ocrx_word' id='word_1_164' title='bbox 85 2201 204 2261; x_wconf 81' lang='lat' dir='ltr'><em>turbam</em></span> <span class='ocrx_word' id='word_1_165' title='bbox 232 2219 351 2260; x_wconf 84' lang='lat' dir='ltr'><em>suorum</em></span> <span class='ocrx_word' id='word_1_166' title='bbox 377 2222 456 2261; x_wconf 84' lang='lat' dir='ltr'><em>arma</em></span> <span class='ocrx_word' id='word_1_167' title='bbox 482 2202 658 2280; x_wconf 77' lang='lat' dir='ltr'><em>ordinesque</em></span> <span class='ocrx_word' id='word_1_168' title='bbox 681 2143 875 2281; x_wconf 80' lang='lat' dir='ltr'><em>reiinquere,</em></span> 
     </span>
     <span class='ocr_line' id='line_1_24' title="bbox 83 2280 876 2362; baseline 0.001 -19"><span class='ocrx_word' id='word_1_169' title='bbox 83 2281 299 2362; x_wconf 83' lang='lat' dir='ltr'><em>reprehensans</em></span> <span class='ocrx_word' id='word_1_170' title='bbox 331 2280 488 2360; x_wconf 81' lang='lat' dir='ltr'><em>singulos,</em></span> <span class='ocrx_word' id='word_1_171' title='bbox 513 2280 683 2357; x_wconf 79' lang='lat' dir='ltr'><em>obsistens,</em></span> <span class='ocrx_word' id='word_1_172' title='bbox 711 2281 876 2344; x_wconf 80' lang='lat' dir='ltr'><em>obtestans·</em></span> 
     </span>
     <span class='ocr_line' id='line_1_25' title="bbox 82 2358 875 2445; baseline 0.003 -22"><span class='ocrx_word' id='word_1_173' title='bbox 82 2383 142 2445; x_wconf 87' lang='lat' dir='ltr'><em>que</em></span> <span class='ocrx_word' id='word_1_174' title='bbox 162 2361 250 2422; x_wconf 78' lang='lat' dir='ltr'><em>debus</em></span> <span class='ocrx_word' id='word_1_175' title='bbox 273 2372 303 2419; x_wconf 87' lang='lat' dir='ltr'><em>et</em></span> <span class='ocrx_word' id='word_1_176' title='bbox 325 2360 478 2422; x_wconf 84' lang='lat' dir='ltr'><em>homiuum</em></span> <span class='ocrx_word' id='word_1_177' title='bbox 502 2358 613 2431; x_wconf 87' lang='lat' dir='ltr'><em>fidem,</em></span> <span class='ocrx_word' id='word_1_178' title='bbox 642 2363 804 2421; x_wconf 78' lang='lat' dir='ltr'><em>testabatur</em></span> <span class='ocrx_word' id='word_1_179' title='bbox 824 2380 875 2424; x_wconf 85' lang='lat' dir='ltr'><em>ne·</em></span> 
     </span>
     <span class='ocr_line' id='line_1_26' title="bbox 84 2442 881 2526; baseline 0.001 -22"><span class='ocrx_word' id='word_1_180' title='bbox 84 2446 231 2526; x_wconf 83' lang='lat' dir='ltr'><em>quicquum</em></span> <span class='ocrx_word' id='word_1_181' title='bbox 248 2444 296 2518; x_wconf 76' lang='grc' dir='ltr'><em>(ι)</em></span> <span class='ocrx_word' id='word_1_182' title='bbox 314 2447 425 2504; x_wconf 82' lang='lat' dir='ltr'><em>deserto</em></span> <span class='ocrx_word' id='word_1_183' title='bbox 436 2444 567 2522; x_wconf 79' lang='lat' dir='ltr'><em>presidio</em></span> <span class='ocrx_word' id='word_1_184' title='bbox 582 2463 629 2500; x_wconf 87' lang='lat' dir='ltr'><em>eos</em></span> <span class='ocrx_word' id='word_1_185' title='bbox 639 2445 757 2524; x_wconf 80' lang='lat' dir='ltr'><em>fugere.</em></span> <span class='ocrx_word' id='word_1_186' title='bbox 775 2444 811 2502; x_wconf 56' lang='grc' dir='ltr'><em>«δι’</em></span> <span class='ocrx_word' id='word_1_187' title='bbox 823 2442 881 2518; x_wconf 80' lang='grc'>(2)·”</span> 
     </span>
     <span class='ocr_line' id='line_1_27' title="bbox 85 2518 879 2602; baseline -0.001 -17"><span class='ocrx_word' id='word_1_188' title='bbox 85 2527 237 2585; x_wconf 80' lang='lat' dir='ltr'><em>transitum</em></span> <span class='ocrx_word' id='word_1_189' title='bbox 254 2535 364 2600; x_wconf 86' lang='lat' dir='ltr'><em>pontem</em></span> <span class='ocrx_word' id='word_1_190' title='bbox 380 2518 499 2600; x_wconf 63' lang='lat' dir='ltr'><em>d&#39;tergo</em></span> <span class='ocrx_word' id='word_1_191' title='bbox 516 2521 716 2602; x_wconf 81' lang='lat' dir='ltr'><em>reliquissent,</em></span> <span class='ocrx_word' id='word_1_192' title='bbox 734 2524 795 2602; x_wconf 80' lang='lat' dir='ltr'><em>jam</em></span> <span class='ocrx_word' id='word_1_193' title='bbox 810 2520 879 2602; x_wconf 72' lang='lat' dir='ltr'><em>plbs&#39;</em></span> 
     </span>
     <span class='ocr_line' id='line_1_28' title="bbox 87 2599 876 2681; baseline 0 -17"><span class='ocrx_word' id='word_1_194' title='bbox 87 2605 207 2664; x_wconf 81' lang='lat' dir='ltr'><em>bostium</em></span> <span class='ocrx_word' id='word_1_195' title='bbox 229 2603 257 2660; x_wconf 87' lang='lat' dir='ltr'><em>in</em></span> <span class='ocrx_word' id='word_1_196' title='bbox 281 2601 394 2663; x_wconf 81' lang='lat' dir='ltr'><em>Palatio</em></span> <span class='ocrx_word' id='word_1_197' title='bbox 410 2599 629 2681; x_wconf 79' lang='lat' dir='ltr'><em>Capitolioque,</em></span> <span class='ocrx_word' id='word_1_198' title='bbox 648 2600 731 2681; x_wconf 80' lang='lat' dir='ltr'><em>qudnr</em></span> <span class='ocrx_word' id='word_1_199' title='bbox 744 2605 772 2661; x_wconf 89' lang='lat' dir='ltr'><em>in</em></span> <span class='ocrx_word' id='word_1_200' title='bbox 788 2599 876 2665; x_wconf 80' lang='lat' dir='ltr'><em>Iont-</em></span> 
     </span>
     <span class='ocr_line' id='line_1_29' title="bbox 86 2681 880 2767; baseline 0.003 -24"><span class='ocrx_word' id='word_1_201' title='bbox 86 2685 151 2744; x_wconf 85' lang='lat' dir='ltr'><em>sulo</em></span> <span class='ocrx_word' id='word_1_202' title='bbox 166 2685 240 2750; x_wconf 76' lang='lat' dir='ltr'><em>fore.</em></span> <span class='ocrx_word' id='word_1_203' title='bbox 267 2681 370 2763; x_wconf 78' lang='lat' dir='ltr'><em>ltaque</em></span> <span class='ocrx_word' id='word_1_204' title='bbox 379 2703 509 2753; x_wconf 78' lang='lat' dir='ltr'><em>menete,</em></span> <span class='ocrx_word' id='word_1_205' title='bbox 524 2685 676 2767; x_wconf 56' lang='lat' dir='ltr'><em>predicere</em></span> <span class='ocrx_word' id='word_1_206' title='bbox 683 2704 695 2754; x_wconf 88' lang='lat'><em>·,</em></span> <span class='ocrx_word' id='word_1_207' title='bbox 714 2694 746 2741; x_wconf 89' lang='lat' dir='ltr'><em>ut</em></span> <span class='ocrx_word' id='word_1_208' title='bbox 761 2696 880 2762; x_wconf 85' lang='lat' dir='ltr'><em>pontem·</em></span> 
     </span>
     <span class='ocr_line' id='line_1_30' title="bbox 80 2763 880 2845; baseline 0.001 -23"><span class='ocrx_word' id='word_1_209' title='bbox 80 2767 183 2837; x_wconf 70' lang='lat' dir='ltr'><em>ferro,</em></span> <span class='ocrx_word' id='word_1_210' title='bbox 206 2765 294 2840; x_wconf 86' lang='lat' dir='ltr'><em>igni,</em></span> <span class='ocrx_word' id='word_1_211' title='bbox 324 2764 499 2845; x_wconf 79' lang='lat' dir='ltr'><em>qudcumque</em></span> <span class='ocrx_word' id='word_1_212' title='bbox 518 2763 544 2820; x_wconf 82' lang='lat' dir='ltr'><em>ri</em></span> <span class='ocrx_word' id='word_1_213' title='bbox 563 2775 696 2841; x_wconf 84' lang='lat' dir='ltr'><em>possent,</em></span> <span class='ocrx_word' id='word_1_214' title='bbox 721 2767 880 2823; x_wconf 67' lang='lat' dir='ltr'><em>intertum-¹</em></span> 
     </span>
     <span class='ocr_line' id='line_1_31' title="bbox 85 2830 881 2925; baseline 0.005 -23"><span class='ocrx_word' id='word_1_215' title='bbox 85 2855 165 2925; x_wconf 88' lang='lat' dir='ltr'><em>pont.</em></span> <span class='ocrx_word' id='word_1_216' title='bbox 186 2842 222 2902; x_wconf 88' lang='lat' dir='ltr'><em>Se</em></span> <span class='ocrx_word' id='word_1_217' title='bbox 234 2846 368 2922; x_wconf 84' lang='lat' dir='ltr'><em>impetum</em></span> <span class='ocrx_word' id='word_1_218' title='bbox 385 2841 526 2914; x_wconf 81' lang='lat' dir='ltr'><em>bostium,</em></span> <span class='ocrx_word' id='word_1_219' title='bbox 543 2845 674 2922; x_wconf 72' lang='lat' dir='ltr'><em>quantum</em></span> <span class='ocrx_word' id='word_1_220' title='bbox 693 2852 805 2921; x_wconf 82' lang='lat' dir='ltr'><em>corpure</em></span> <span class='ocrx_word' id='word_1_221' title='bbox 819 2830 881 2906; x_wconf 54' lang='lat' dir='ltr'><em>urm*</em></span> 
     </span>
     <span class='ocr_line' id='line_1_32' title="bbox 86 2923 536 3005; baseline -0.006 -20"><span class='ocrx_word' id='word_1_222' title='bbox 86 2933 182 3005; x_wconf 74' lang='lat' dir='ltr'><em>posset</em></span> <span class='ocrx_word' id='word_1_223' title='bbox 202 2923 319 2996; x_wconf 82' lang='lat' dir='ltr'><em>obsisti,</em></span> <span class='ocrx_word' id='word_1_224' title='bbox 344 2935 536 3003; x_wconf 80' lang='lat' dir='ltr'><em>excepturum.</em></span> 
     </span>
     <span class='ocr_line' id='line_1_33' title="bbox 125 3026 883 3108; baseline 0.003 -18"><span class='ocrx_word' id='word_1_225' title='bbox 125 3059 134 3090; x_wconf 90' lang='grc' dir='ltr'>ι</span> <span class='ocrx_word' id='word_1_226' title='bbox 159 3040 297 3106; x_wconf 74' lang='lat' dir='ltr'><em>(Deserto</em></span> <span class='ocrx_word' id='word_1_227' title='bbox 310 3035 463 3107; x_wconf 84' lang='lat' dir='ltr'><em>proesidio)</em></span> <span class='ocrx_word' id='word_1_228' title='bbox 497 3035 528 3090; x_wconf 81' lang='lat' dir='ltr'><em>Si</em></span> <span class='ocrx_word' id='word_1_229' title='bbox 539 3051 650 3104; x_wconf 78' lang='lat' dir='ltr'><em>pontem</em></span> <span class='ocrx_word' id='word_1_230' title='bbox 660 3052 802 3108; x_wconf 85' lang='lat' dir='ltr'><em>postquam</em></span> <span class='ocrx_word' id='word_1_231' title='bbox 822 3026 883 3107; x_wconf 63' lang='lat' dir='ltr'><em>ipsi</em></span> 
     </span>
     <span class='ocr_line' id='line_1_34' title="bbox 89 3100 879 3176; baseline -0.005 -14"><span class='ocrx_word' id='word_1_232' title='bbox 89 3104 201 3162; x_wconf 80' lang='lat' dir='ltr'><em>Deserto</em></span> <span class='ocrx_word' id='word_1_233' title='bbox 217 3106 279 3158; x_wconf 88' lang='lat' dir='ltr'><em>loco</em></span> <span class='ocrx_word' id='word_1_234' title='bbox 294 3106 322 3156; x_wconf 89' lang='lat' dir='ltr'><em>in</em></span> <span class='ocrx_word' id='word_1_235' title='bbox 332 3122 388 3174; x_wconf 80' lang='lat' dir='ltr'><em>,quo</em></span> <span class='ocrx_word' id='word_1_236' title='bbox 400 3118 467 3171; x_wconf 74' lang='lat' dir='ltr'><em>pm·-</em></span> <span class='ocrx_word' id='word_1_237' title='bbox 499 3121 558 3155; x_wconf 87' lang='lat' dir='ltr'><em>eum</em></span> <span class='ocrx_word' id='word_1_238' title='bbox 574 3104 757 3163; x_wconf 84' lang='lat' dir='ltr'><em>transiissent,</em></span> <span class='ocrx_word' id='word_1_239' title='bbox 776 3100 879 3176; x_wconf 69' lang='lat' dir='ltr'><em>surgo</em></span> 
     </span>
    </p>
   </div>
   <div class='ocr_carea' id='block_1_5' title="bbox 91 3170 886 3307">
    <p class='ocr_par' dir='ltr' id='par_1_6' title="bbox 91 3170 886 3307">
     <span class='ocr_line' id='line_1_35' title="bbox 91 3170 881 3239; baseline -0.005 -13"><span class='ocrx_word' id='word_1_240' title='bbox 91 3173 243 3227; x_wconf 74' lang='lat' dir='ltr'><em>ridiicausd</em></span> <span class='ocrx_word' id='word_1_241' title='bbox 256 3171 396 3226; x_wconf 79' lang='lat' dir='ltr'><em>constituti</em></span> <span class='ocrx_word' id='word_1_242' title='bbox 409 3170 465 3222; x_wconf 85' lang='lat' dir='ltr'><em>lue-</em></span> <span class='ocrx_word' id='word_1_243' title='bbox 499 3170 703 3239; x_wconf 75' lang='lat' dir='ltr'><em>relinquerent,</em></span> <span class='ocrx_word' id='word_1_244' title='bbox 735 3187 786 3224; x_wconf 88' lang='lat' dir='ltr'><em>nec</em></span> <span class='ocrx_word' id='word_1_245' title='bbox 817 3189 881 3227; x_wconf 76' lang='lat' dir='ltr'><em>suus</em></span> 
     </span>
     <span class='ocr_line' id='line_1_36' title="bbox 92 3237 886 3307; baseline -0.01 -14"><span class='ocrx_word' id='word_1_246' title='bbox 92 3242 275 3307; x_wconf 73' lang='lat' dir='ltr'><em>rant‚nempe</em></span> <span class='ocrx_word' id='word_1_247' title='bbox 286 3238 421 3291; x_wconf 70' lang='lat' dir='ltr'><em>sanicula.</em></span> <span class='ocrx_word' id='word_1_248' title='bbox 500 3237 696 3306; x_wconf 59' lang='lat' dir='ltr'><em>ebrumpemutr</em></span> <span class='ocrx_word' id='word_1_249' title='bbox 832 3240 886 3283; x_wconf 69' lang='grc' dir='ltr'>ιιιι)</span> 
     </span>
    </p>
   </div>
   <div class='ocr_carea' id='block_1_6' title="bbox 127 3306 960 3495">
    <p class='ocr_par' dir='ltr' id='par_1_7' title="bbox 127 3306 960 3495">
     <span class='ocr_line' id='line_1_37' title="bbox 127 3306 960 3495; baseline 0.005 -136"><span class='ocrx_word' id='word_1_250' title='bbox 127 3323 145 3359; x_wconf 76' lang='lat'>2</span> <span class='ocrx_word' id='word_1_251' title='bbox 154 3306 465 3376; x_wconf 77' lang='lat' dir='ltr'><em>(Siumsituupontem)</em></span> <span class='ocrx_word' id='word_1_252' title='bbox 693 3369 727 3432; x_wconf 50' lang='lat' dir='ltr'>R</span> <span class='ocrx_word' id='word_1_253' title='bbox 743 3375 768 3445; x_wconf 36' lang='lat' dir='ltr'><em>Q</em></span> <span class='ocrx_word' id='word_1_254' title='bbox 919 3308 960 3495; x_wconf 58' lang='lat'><em>⁴*</em></span> 
     </span>
    </p>
   </div>
   <div class='ocr_carea' id='block_1_7' title="bbox 0 0 1039 3780">
    <p class='ocr_par' dir='ltr' id='par_1_8' title="bbox 0 0 1039 3780">
     <span class='ocr_line' id='line_1_38' title="bbox 0 0 1039 3780; baseline 0 0"><span class='ocrx_word' id='word_1_255' title='bbox 0 0 1039 3780; x_wconf 95' lang='lat' dir='ltr'><em> </em></span> 
     </span>
    </p>
   </div>
  </div>
 </body>
</html>
