2062 3786
180 261 244 345 176
406 253 532 326 Tm
578 239 735 328 Lrvri

173 360 299 438 generis¹
320 359 409 438 (quia
428 360 458 418 in
478 359 607 422 Africam
631 373 786 423 secuturos
801 362 966 427 abnuentes

174 451 384 500 concesserant
412 441 443 497 in
467 439 596 502 Junonis
625 438 759 502 Lacinia
782 443 963 517 delubrum,

167 519 348 658 ,inviolatum
367 519 402 580 ed
420 538 484 578 eam
503 519 604 595 diem)
620 519 653 578 in
669 522 783 602 templo
799 524 867 602 ipso
883 524 965 584 toede

173 610 253 658 tuter
266 611 348 659 ectus.
669 610 673 617 '

213 701 266 764 ΙΙΙ.
288 701 374 763 ‘Raab
395 723 569 784 quemquam
593 705 686 763 alium
707 706 834 786 patriam
855 704 962 764 exsilii

170 782 257 842 causi
277 784 511 865 relinquentem,
534 783 630 866 magis
646 796 781 847 maestum
799 784 892 843 abisse
913 785 960 841 fe-

169 873 257 936 runt,
275 862 364 943 quim
382 864 557 937 Annibalem
572 864 701 922 bostium
720 861 796 921 terra
810 859 957 929 exceden-

169 951 231 999 tem
256 965 262 1001 z
287 945 457 1022 respexisse
479 944 556 1021 saepe
582 941 678 1000 ltaliae
698 942 817 1010 littora,
835 949 865 996 et
882 936 956 998 deos

168 1019 363 1100 hominesque
387 1031 593 1092 accusantem,
620 1038 651 1077 se
675 1037 792 1098 quoque
812 1037 845 1078 ac
868 1036 957 1079 suum

167 1100 178 1159 i
204 1103 266 1163 sius
282 1111 369 1183 caput
381 1109 582 1171 exsecratum,
603 1099 684 1175 Quid
698 1123 751 1160 non
764 1109 908 1158 cruentum
919 1098 957 1158 ab

197 1187 312 1243 aunensi
327 1182 442 1242 victorici
454 1180 573 1238 militem
585 1181 704 1240 Romam
724 1183 865 1239 duxisset.
890 1179 958 1238 Sci-

166 1266 275 1342 pionem
293 1264 336 1319 ire
360 1263 398 1319 ad
424 1257 627 1336 Carthaginem
651 1277 770 1333 ausum,
792 1263 841 1342 qui
857 1258 958 1319 consul

166 1342 273 1402 bostem
292 1340 405 1400 Panum
426 1362 478 1399 non
496 1343 619 1401 uidisset.
645 1341 683 1401 Se
702 1354 810 1400 centum
827 1339 956 1399 millibus

68 1453 72 1460 ‚
159 1433 339 1480 oenomaum
352 1424 390 1480 ud
405 1419 596 1482 Trasimenum
612 1435 641 1482 et
651 1420 765 1481 Cannas
775 1422 867 1492 cresis,
881 1419 956 1478 circi

166 1497 346 1574 Casilinum,
375 1498 555 1583 Cumasque,
587 1514 615 1562 et
639 1500 744 1562 Nolam
769 1503 954 1563 consenuisse.

163 1578 234 1640 llaec
253 1599 394 1642 accusans
415 1600 619 1660 querensque,
636 1602 673 1642 ex
699 1579 815 1642 diutini
836 1598 956 1662 posses·

163 1660 249 1720 aione
265 1661 359 1724 ltaliae
374 1671 418 1722 est
432 1659 593 1723 detractus.

204 1766 257 1831 tv.
279 1767 403 1826 Romam
421 1785 476 1848 per
494 1766 614 1827 eosdem
630 1767 717 1840 dies,
740 1777 771 1826 et
792 1766 952 1846 Magonem

164 1858 194 1905 et
224 1847 401 1907 Annibalem
424 1846 594 1926 proiectos,
625 1849 745 1908 allatum
772 1859 825 1908 est.
859 1847 952 1925 Cuius

162 1927 290 2009 duplicis
307 1927 514 2007 gratulationis
527 1927 635 1988 minuit
647 1927 801 2000 laetitiam,
826 1937 857 1986 et
873 1923 953 2007 quod

115 2044 117 2053 ,
164 2028 269 2090 parum
289 2009 377 2083 duces
393 2011 424 2070 in
439 2007 600 2070 retinendis
617 2009 656 2071 iis
673 2007 765 2088 (etim
781 2008 812 2066 ld
830 2006 952 2066 manda-

103 2092 110 2111 *
164 2101 227 2150 turn
248 2090 285 2149 ab
301 2099 402 2150 senatu
420 2099 497 2150 esset
509 2092 545 2168 ,)
568 2102 618 2150 aut
636 2091 749 2161 animi,
772 2098 822 2147 aut
839 2088 951 2148 virium

164 2169 305 2230 habuisse
328 2171 523 2245 videbantur3
545 2181 576 2230 et
595 2170 672 2250 qubd
697 2169 821 2230 solliciti
844 2179 951 2244 erant,

165 2253 246 2310 omni
259 2249 330 2310 belli
340 2253 437 2324 mole,
451 2253 483 2309 in
499 2269 589 2310 unum
604 2249 710 2313 ducem
722 2250 951 2328 exercitumque

163 2329 326 2404 inclinata,
346 2333 404 2410 qub
417 2351 538 2392 evasura
556 2342 635 2390 esset
651 2349 708 2394 res.

204 2449 242 2512 V.
267 2447 383 2507 Mentio
404 2446 514 2508 deinde
537 2448 573 2509 ab
595 2447 759 2522 senioribus
783 2444 862 2504 facta
878 2456 951 2519 est,

158 2527 285 2610 'segnius
301 2529 425 2588 homines
448 2527 518 2589 bona
551 2529 613 2589 olm
624 2527 703 2588 mala
720 2528 832 2586 sentire.
855 2524 950 2584 Tran-

162 2613 235 2669 situs
261 2611 289 2667 ia
321 2607 437 2669 ltaliam
461 2551 636 2681 Annibalis,
669 2619 803 2690 quantum
832 2610 951 2666 terroris

157 2686 344 2783 pauorisque,
363 2712 434 2769 quos
449 2684 548 2750 binae
568 2689 680 2763 clades,
704 2711 773 2770 quos
795 2685 887 2746 luctus
903 2690 949 2746 in·

156 2771 289 2852 jecissetl
309 2768 376 2829 Visa
393 2782 488 2829 castra
505 2771 625 2830 bostium
641 2767 656 2830 ὲ
671 2772 759 2833 muris
775 2768 860 2827 urbis.
880 2767 949 2846 Qua

161 2861 225 2909 uota
244 2848 418 2927 singulorum
443 2853 682 2931 uniuersorumque
691 2854 804 2922 fuisse?
832 2849 948 2926 Quoties

161 2931 191 2989 in
203 2929 328 2990 conciliis
341 2953 439 3002 uoces,
451 2953 550 2991 manus
562 2931 707 2990 adonium
722 2931 947 3008 porrigentium,

161 3014 276 3070 ouclitas
290 3032 300 3068 ,·
317 3031 349 3068 en
367 3031 487 3091 unquam
504 3010 554 3069 ille
568 3012 628 3068 dias
641 3012 758 3078 futurus
778 3019 874 3078 esset,
893 3030 948 3090 quo

161 3113 277 3150 uacuam
293 3091 416 3149 hostibus
432 3087 547 3148 Italiam
566 3087 635 3145 bonci
653 3109 723 3166 pace
737 3087 886 3162 florentem
906 3094 951 3148 ui-

138 3175 221 3243 -auri
243 3175 361 3234 essenti
388 3169 509 3229 Dedisse
531 3171 642 3229 tandem
668 3170 697 3227 id
721 3172 786 3227 cleos
810 3171 949 3231 sextode-

162 3255 232 3310 cimo
267 3252 375 3309 (lemtim
401 3269 473 3309 anno
488 3272 500 3322 ,·
538 3271 586 3308 nec
610 3269 669 3308 esse
696 3251 743 3327 qui
768 3251 823 3308 diis
845 3260 948 3323 grates

161 3335 288 3408 agendas
308 3343 447 3390 censeant.
469 3331 544 3390 Aaou
567 3327 600 3390 ni
621 3332 809 3388 advenientem
830 3328 946 3404 quictem

109 3415 112 3421 ’
155 3414 286 3488 ,oratiam
317 3408 441 3474 bominac
472 3408 590 3492 benigni
612 3413 760 3492 accipere,
789 3410 891 3469 nedum
914 3419 948 3470 ut
