2016 3780
166 165 448 235 Nannsrto
486 162 716 235 XXXIV.
772 178 839 240 213

57 287 185 349 rupem,
213 280 299 348 atque
318 270 363 327 ita
374 269 464 329 rectis
480 271 580 341 saxis,
609 281 639 329 ut
655 271 732 348 aegre
746 291 838 352 expe·

57 348 135 408 ditus
159 348 247 407 miles
280 348 473 409 tentabundus
496 347 687 429 manibusque
709 351 840 409 retinens

57 428 190 505 virgulta
206 447 241 488 ac
256 430 364 509 stirpes
382 429 460 491 circs
472 432 657 502 eminentes,
682 431 854 490 demittere.
881 424 887 429 ’

58 528 124 569 sese
145 519 253 588 posset.
276 509 389 571 Naturi
411 509 496 570 locus
516 512 574 588 jaro
593 514 659 569 ante
683 529 841 593 preceps,

57 589 174 648 recenti
189 587 272 669 lapsu
283 600 388 662 terrae,
408 591 438 649 in
457 588 565 670 pedum
580 592 666 650 mille
681 590 841 651 admodum
871 621 875 627 ·

58 667 246 729 altitudinem
264 669 405 750 abruptus
428 679 499 730 eret.
532 669 577 730 lbi
603 671 671 731 cbm
699 671 777 729 velut
804 669 842 729 ad

57 747 147 809 finem
162 748 215 810 viae
231 751 346 829 equites
358 751 580 822 constitissent,
611 752 729 811 miranti
748 751 842 810 Anni-

58 827 122 890 bali
143 847 211 908 quae
238 848 284 888 res
307 842 471 891 moraretur
495 848 601 905 agmen
625 875 635 902 ,
667 832 842 904 nuntiatur,

57 929 164 990 rupem
185 909 298 968 inviam
313 928 387 970 esse.
409 912 569 989 Digressus
593 911 697 970 deinde
718 912 783 990 ipse
807 910 844 971 ad

58 980 158 1069 iocum
176 988 338 1050 visendum.
360 989 450 1068 (16)
474 991 558 1050 Haud
578 992 666 1051 dubia
689 1010 736 1051 res
757 993 843 1064 visa,

78 1071 130 1129 uin
150 1089 205 1148 per
218 1070 298 1130 invia
311 1070 392 1131 circi
408 1115 417 1145 ,
434 1090 489 1132 nec
502 1075 571 1132 trita
582 1084 666 1132 antea
680 1116 690 1144 ,
711 1072 845 1149 quamvis

56 1090 153 1226 lbngo
165 1148 277 1209 ambitu
300 1150 534 1213 circumduceret
560 1172 676 1231 agmen.
701 1153 746 1215 Ea
772 1151 844 1210 verb

59 1231 107 1291 via
124 1229 331 1310 insuperabilis
345 1229 411 1292 luit.
428 1233 504 1293 Nam
522 1234 590 1293 cuim
609 1252 642 1292 su
666 1241 845 1291 createrem

60 1312 160 1371 nivem
176 1312 286 1370 intacta
306 1331 380 1370 nova
403 1310 526 1373 modicae
548 1255 714 1373 altitudinis
741 1322 843 1372 esset:

60 1389 174 1461 molli,
207 1409 261 1449 nec
287 1390 413 1468 praealtae
436 1394 499 1450 nivi
524 1392 612 1452 facile
632 1392 725 1472 pedes
748 1393 846 1470 ingre·

59 1471 207 1530 dientium
237 1471 422 1530 insistebant.
453 1471 492 1532 Ut
523 1473 591 1531 verb
624 1485 667 1532 tot
693 1471 844 1531 hominum

62 1554 319 1628 'umentorumque
339 1551 456 1611 incessu
478 1549 596 1629 delapsa
618 1563 689 1624 est,
716 1570 768 1629 per
792 1570 847 1608 nu-

57 1573 127 1692 dam
146 1626 222 1690 infra
238 1631 387 1708 glaciem,
406 1628 605 1708 fluentemque
624 1630 720 1690 labem
739 1629 847 1708 liques·

61 1712 160 1775 centis
183 1711 260 1771 niuis
282 1710 534 1789 ingrediebantur.
553 1711 645 1771 Tetra
662 1711 704 1771 ibi
724 1709 848 1769 luctatio

63 1800 150 1871 erat,
178 1795 191 1867 (
207 1794 267 1872 17)
282 1803 314 1852 ut
334 1794 349 1852 l
366 1791 480 1852 lubrica
495 1792 592 1869 glacie
607 1813 665 1851 non
683 1792 848 1869 recipiente

63 1872 224 1949 vestigium
238 1915 247 1943 ,
269 1883 299 1931 et
314 1874 345 1931 in
357 1892 450 1954 prono
461 1874 550 1933 citiirs
565 1871 643 1953 pede
656 1892 688 1932 se
704 1871 847 1932 fallente:

63 1952 117 2023 et,
144 1971 195 2011 seu
218 1952 355 2013 manibus
372 1953 401 2012 in
419 1954 621 2030 assurgendo,
646 1973 696 2012 seu
716 1972 792 2028 genu
817 1969 849 2011 ss

64 2029 269 2106 adiuvissent,
287 2033 361 2109 ipsis
378 2030 566 2090 adminiculis
588 2032 722 2109 prolapsi
739 2030 851 2087 iterum

66 2107 261 2179 corruebant,
291 2128 346 2169 nec
373 2115 481 2190 stirpes
507 2110 588 2168 circa
614 2110 784 2176 radicesue,
814 2105 851 2167 ad

68 2206 141 2266 quas
161 2187 236 2266 pede
257 2198 307 2245 aut
332 2207 418 2248 manu
441 2189 594 2265 quisquam
616 2187 689 2245 eniti
716 2194 813 2264 posset
839 2228 849 2257 ,

67 2265 276 2345 mentitaque
292 2267 324 2325 in
339 2267 398 2328 leri
420 2269 531 2326 tannim
547 2267 645 2344 glacie
664 2310 673 2340 ,
697 2266 852 2342 tabidaque

66 2348 137 2408 nive
157 2346 372 2406 volutabantur.
388 2350 529 2413 Jumema
548 2344 686 2410 secabant
700 2345 854 2411 interdum

66 2431 256 2508 etiamtum
283 2425 413 2487 infimam
436 2428 632 2506 ingredientia
655 2428 782 2500 nivem,
820 2434 852 2484 et

66 2509 207 2593 prolapsa
236 2507 376 2585 jactandis
396 2508 513 2586 gravius
539 2511 571 2567 in
596 2507 772 2569 continendo
797 2525 853 2567 un-

68 2670 157 2751 pedis

68 2749 176 2830 glacie.

108 2879 139 2932 16
158 2879 169 2946 (
185 2826 280 2931 Harrei·
294 2873 378 2929 dubia
400 2893 459 2930 res,
479 2874 545 2928 nina
560 2875 678 2946 cogebat.
817 2939 823 2950 .

49 2966 58 2983 ¹
75 2944 156 3011 visa)
182 2943 257 2996 Nihil
273 2943 446 2996 dubitationis
516 2940 850 3012 17(Utdlubricdglacte)

75 3028 131 3063 esse
141 3012 228 3061 visum
241 3023 297 3078 est,
320 3012 385 3081 quin
397 3011 447 3062 cir·
481 3009 551 3079 Quia
564 3010 661 3091 nempe
676 3008 783 3087 illisres
797 3018 853 3085 eras

75 3078 287 3131 cumducendum
312 3091 380 3129 esset
402 3094 448 3146 ag·
480 3093 542 3130 cum
559 3075 660 3128 lubrici
674 3075 779 3141 glacie,
808 3087 853 3122 cui

189 2678 276 2752 capta
288 2667 432 2729 haererent
444 2670 476 2729 in
487 2667 589 2729 durata
600 2679 630 2729 et
643 2666 703 2728 alte
715 2665 853 2730 concreta

68 2588 148 2669 gulis
159 2589 281 2728 penitius
298 2588 521 2668 perfringebant
540 2610 546 2647 :
569 2598 602 2647 ut
617 2587 757 2670 pleraque
772 2586 852 2644 velut
944 2591 947 2597 '

75 3145 447 3212 menperlocainviacirci:
480 3145 620 3212 vestigium
631 3141 705 3207 intigi
719 3154 775 3187 non
789 3152 854 3201 pos·
929 3182 933 3187 ,

78 3213 139 3280 quia
149 3228 245 3278 nempe
255 3229 332 3278 rupes
343 3210 402 3271 itta,
415 3212 447 3263 ad
481 3223 536 3260 set:
547 3207 639 3259 etctim
649 3202 770 3273 praeterea
778 3202 854 3284 iocur

78 3294 158 3345 quem
186 3291 340 3344 perventum
365 3290 447 3339 erat,
481 3290 580 3341 pronus
594 3283 684 3331 esset,
714 3279 853 3334 pescrttus

79 3345 387 3414 rectumitsrreiinquere
395 3360 451 3396 om·
482 3338 646 3404 refellebat,
660 3335 854 3404 habebaturque.

905 3450 960 3544 <d
