2016 3780
150 205 431 275 Nnnnnnso
477 204 707 276 XLVIII.
780 210 843 293 137

59 314 107 391 gio
121 311 215 390 popuii
226 313 328 369 creatis
341 355 350 382 ‚
362 310 534 375 cciiionrines
549 313 672 388 privutos
683 310 844 373 detulistis?

62 390 152 462 Cirnr,
174 413 204 450 eo
223 394 281 470 ipso
303 413 355 449 non
372 388 512 469 contenti,
530 393 555 449 si
568 412 622 469 prs
641 391 760 450 tribunis
777 391 845 449 ilios

60 470 219 540 haberetis,
232 474 328 540 fasces
349 473 526 550 imperatoris
542 475 627 530 vestri
638 475 676 529 cd
690 493 735 529 eos
746 470 845 551 quibus

60 572 154 610 seruus
168 555 213 609 cui
226 555 394 629 imperarent
412 572 550 631 nunquam
565 554 686 621 fueret,
703 553 845 610 Romanus

60 630 367 710 euerrituscietuiistis.
392 629 423 688 in
448 633 578 710 pretorio
600 634 778 690 tetenderunt
791 629 845 688 Al-

59 709 121 768 bius
132 724 162 770 et
176 712 274 768 Atrius
291 733 301 766 .·
320 710 468 770 classicum
488 715 563 789 apud
576 732 622 769 eos
632 713 735 783 cecinit
752 733 761 767 r
783 714 843 789 sig·

58 812 121 848 nuru
140 789 176 848 ab
189 793 226 849 iis
240 793 364 870 petitum
382 802 451 850 est:
469 795 601 850 sederunt
614 794 642 848 in
655 789 792 849 tribunali
806 789 842 850 P.

59 869 197 950 Scipionis
207 893 217 928 r
238 873 306 944 (13)
320 868 404 930 lictor
416 873 567 950 apparuit,
581 873 648 944 (14)
665 869 790 930 submoto
801 874 844 929 in·

57 963 198 1009 cesserunt
225 972 234 1005 .·
246 953 342 1020 fasces
354 973 412 1009 curn
426 948 568 1009 securibus
572 950 686 1029 prelati
698 963 771 1011 sunt.
784 951 844 1010 Lu-

11 1034 14 1047 '
56 1033 139 1109 pides
150 1030 266 1108 pluere,
282 1042 311 1087 et
329 1030 597 1107 (15)fulminajaci
613 1035 647 1088 de
664 1029 747 1102 celo,
764 1043 793 1090 et
804 1035 843 1090 in-

58 1123 151 1168 suetos
168 1115 255 1180 fetus
273 1109 410 1167 animalia
437 1113 536 1181 edere,
555 1131 600 1168 uos
622 1122 754 1188 portenta
780 1132 842 1169 esse

57 1192 166 1268 putatis
186 1212 192 1246 :
213 1190 320 1247 horest
337 1201 496 1268 portentum
517 1193 613 1268 ‚quod
632 1188 846 1262 nuilisirostiis,

61 1268 148 1327 nuliis
163 1267 413 1348 supplicationibus
427 1313 436 1340 ‚
448 1273 507 1327 sine
532 1272 668 1346 sanguine
684 1291 777 1328 eorum
793 1271 842 1350 qui
874 1260 892 1273 ‘

59 1359 168 1407 tuntum
185 1351 298 1420 sueinus
313 1351 473 1419 weisunt,
489 1352 604 1427 expiari
620 1353 718 1427 possit.

100 1438 182 1501 XVI.
205 1440 297 1518 Atque
313 1461 364 1517 ego
377 1441 557 1518 (quanquam
575 1439 641 1516 (16)
661 1439 768 1500 nullutn
781 1462 843 1501 sce·

60 1518 105 1578 ius
127 1522 261 1579 rationem
282 1519 387 1591 habet)
410 1531 504 1578 tumen
526 1522 593 1597 (17)
611 1523 688 1578 utin
706 1542 735 1580 re
762 1525 844 1592 nefa-

60 1599 118 1670 rii,
136 1621 197 1680 qun
219 1621 297 1659 mens
312 1644 320 1671 ‚
338 1603 411 1678 quod
427 1598 572 1668 consilium
595 1611 716 1658 uestrum
727 1603 842 1674 fuerit,

57 1682 130 1740 scire
164 1677 256 1738 uelim.
295 1681 431 1758 Rhegium
465 1683 603 1760 quondum
628 1682 656 1738 in
680 1684 844 1759 presidium

57 1763 145 1820 missa
182 1759 257 1839 legio
272 1802 282 1828 ‚
297 1763 454 1833 interfectis
482 1782 535 1840 per
559 1758 650 1820 scelus
671 1758 844 1840 principibus

57 1843 181 1901 ciuitatis
196 1862 207 1896 .·
224 1839 319 1899 urbem
336 1841 495 1921 opulentam
515 1838 566 1921 per
587 1845 682 1912 decern
697 1862 786 1901 annos
801 1853 846 1900 te-

57 1925 128 1978 nuit.
157 1922 276 1999 Propter
301 1927 374 2002 quod
395 1924 516 1990 fucinus·
542 1933 602 1980 totu
628 1920 725 2001 legio,
750 1920 844 1980 millia

58 1997 197 2057 hominurn
215 2013 356 2078 quotuor,
372 2004 400 2058 in
421 2005 486 2070 so‘ro
507 2001 601 2059 Romu
614 2005 704 2058 securi
718 2002 843 2077 percussi

57 2091 131 2137 sunt.
145 2078 202 2137 Sed
212 2079 258 2137 illi
267 2082 387 2156 priminz
400 2121 409 2149 ‚
422 2100 476 2136 non
490 2077 557 2153 (18)
577 2080 693 2137 Atrium
710 2081 844 2141 Umbrum

57 2158 241 2231 semilixcrn,
262 2160 380 2271 norninis
405 2162 492 2218 etium
516 2156 696 2218 abominandi
717 2164 844 2234 ducem,

57 2319 130 2371 Cave
140 2319 202 2383 inde
211 2317 307 2368 inieras
315 2317 432 2368 tribunos
465 2317 651 2369 madversione
686 2317 845 2379 cedere‘lo-

56 2387 172 2439 miiitum
194 2402 287 2436 omnes
307 2402 353 2449 per
374 2384 432 2436 haec
466 2402 579 2452 cumque
591 2385 650 2436 dare
664 2383 771 2452 jussam,
784 2403 846 2453 pro·

54 2452 197 2518 temporeis
208 2451 308 2517 populo
320 2465 432 2504 creatos.
457 2451 657 2521 ,grediebantnn

57 2519 153 2570 Livius
164 2519 336 2570 oratorierem
348 2532 431 2586 auget,
501 2520 530 2570 15
555 2519 566 2583 (
582 2517 713 2570 Fulmina
727 2517 790 2587 jaci
807 2517 844 2570 rie

56 2597 87 2634 ut
106 2587 221 2635 atrocius
233 2620 239 2643 ‚
250 2585 369 2635 videatur
381 2586 433 2634 mi·
467 2585 559 2649 coelo)
574 2586 605 2634 In
617 2587 716 2651 templa
728 2598 754 2635 et
765 2585 842 2636 aerles.

56 2651 134 2702 litum
147 2652 249 2717 facinus
263 2690 268 2714 ‚
288 2651 309 2700 si
321 2651 433 2702 tribunis
466 2652 656 2703 Hinc-totiesin
664 2652 843 2720 prodigiorum

54 2737 113 2770 eam
123 2731 278 2784 potestatem
288 2717 433 2769 ademerint
466 2721 663 2769 enumeratione
687 2720 788 2770 mentio
813 2717 843 2770 fis

55 2805 134 2856 quam
147 2785 262 2854 populus
276 2785 433 2836 sismanda-
465 2785 559 2835 redium
570 2787 602 2836 de
615 2787 684 2837 coelo
703 2799 842 2838 tectarum.

54 2868 103 2906 rat.
502 2852 532 2902 16
544 2854 554 2917 (
566 2852 683 2906 Nullum
691 2852 783 2905 scelus
795 2871 842 2902 rn-

92 2924 121 2972 13
141 2919 258 2985 (Lictor
283 2917 430 2986 apparuit)
466 2917 567 2970 tionem
596 2917 706 2984 habet)
734 2919 841 2969 nullum

55 2984 432 3050 Lictorillisministerimpe·
466 2986 550 3037 scelus
563 3001 619 3035 non
637 3002 697 3036 curn
725 2986 842 3037 amentia

56 3056 88 3106 rii
99 3054 157 3104 fuit.
299 3093 301 3097 ,
465 3051 637 3117 conjunctum
651 3064 698 3102 est.

94 3121 123 3184 14
145 3117 290 3184 (Submoto
308 3117 431 3168 incesse·
498 3136 527 3179 ¹7
543 3119 552 3182 (
567 3117 604 3168 Ue
614 3119 688 3169 inre
708 3114 842 3187 nefarii)

55 3189 139 3249 runt)
154 3184 281 3238 Strinzoto
301 3182 430 3235 incedere
465 3184 600 3250 Quantum
615 3187 643 3234 in
655 3201 681 3234 re
689 3184 788 3235 nefarii
802 3185 843 3236 io-

57 3254 211 3305 dicebantur
266 3251 430 3316 magistratus
464 3268 511 3301 cus
525 3251 700 3302 consilioest,

57 3321 190 3382 Romani,
209 3316 269 3370 cim
292 3314 362 3367 inter
381 3314 433 3364 fre·
501 3318 530 3367 18
543 3319 552 3382 (
564 3316 674 3370 Arn'rmz
692 3315 841 3373 Umbrum..
930 3372 941 3389 ,

58 3388 192 3456 quentiam
212 3383 371 3441 hominum,
386 3382 433 3432 iic·
465 3382 585 3436 nonu'nis
622 3383 713 3437 etiarn
736 3383 842 3439 nicoeni.
914 3404 917 3409 ·

57 3467 158 3518 torum,
170 3450 315 3508 ministerio
329 3461 356 3502 et
373 3449 433 3503 ani-
465 3449 551 3506 unndi
566 3449 685 3519 clunem)
705 3467 739 3504 au
751 3451 840 3521 cquis
898 3446 939 3551 d?
