2016 3780
173 144 217 188 22
365 117 507 185 -›T1r1
554 115 713 184 errr

174 222 259 291 cum,
278 218 427 279 attolleret
456 222 598 290 animos,
626 216 700 276 haud
724 213 830 296 parlim
851 214 962 275 callide

174 319 274 360 auram
290 300 398 358 latoria
420 301 574 379 popularis
604 318 640 356 ex
669 296 829 356 dictatorie
848 297 964 356 iuvidial

160 379 282 462 petiit,
309 381 436 458 scitique
458 379 552 459 plebia
580 397 654 436 unus
675 377 801 453 gratiam
818 374 898 436 tulit.

80 457 161 509 Varro
216 458 255 518 ll.
278 458 448 538 Insequenti
469 477 545 518 anno
568 456 749 517 consulatum
771 456 877 537 petiit,
891 475 964 536 pre-

44 521 163 624 {255²ss
176 538 252 597 tium
284 558 390 619 operae.
413 537 499 604 lllum
526 583 536 612 ‚
559 539 605 596 sui
628 539 744 615 generis
780 537 985 609 bominem,-

46 638 84 688 u't.
120 597 136 639 p
176 617 257 698 plebi
288 619 480 678 insectatione
513 619 686 699 principum
711 616 963 696 popularibusque

176 697 287 758 artibus
316 698 529 768 conciliatum,
554 699 658 775 vulgus
693 697 782 755 etiam
805 697 964 756 extrahere

177 777 213 836 aa
233 778 415 837 consulatum
455 777 611 836 nitebatur.
647 777 748 840 Patres
769 776 882 835 summai
902 794 962 854 ope

175 859 347 930 obstabant,
376 861 412 917 ne
430 877 461 917 se
484 857 674 930 insectando,
699 856 758 916 sibi
781 856 887 936 aequari
913 873 962 915 as-

177 950 347 997 suescerent
367 939 511 998 homines.

61 1012 90 1062 T
89 1012 164 1083 attunt
219 1016 271 1077 lll.
288 1018 397 1079 Bebius
419 1010 584 1080 Herennius
602 1018 736 1078 tribunus
755 1015 868 1096 plebia,
886 1031 962 1090 cog-

45 1088 261 1190 ffiss‘ssmnatus
287 1098 322 1160 C.
350 1099 501 1172 Terentii,
529 1097 715 1159 criminando
740 1117 799 1156 non
825 1105 960 1155 senatum

47 1206 113 1245 roae,
177 1175 287 1253 modo,
310 1180 360 1238 sed
376 1183 466 1238 etiam
481 1198 605 1257 augures
616 1227 625 1252 ,
636 1198 691 1260 per
704 1176 845 1236 iuvidiam
855 1192 961 1232 eorum

102 1312 106 1327 ,
176 1257 304 1316 savorem
328 1258 482 1320 candidato
498 1278 551 1318 suo
568 1260 754 1320 conciliabat.
783 1257 825 1319 Ab
840 1255 963 1315 bomini·

177 1336 227 1395 bus
253 1336 393 1399 nobilibus
416 1363 467 1420 per
486 1340 593 1405 ¹multos
608 1363 695 1401 annos
714 1336 818 1398 bellum
836 1356 964 1417 queren-

176 1415 253 1476 tibus
276 1418 454 1489 Annibalem,
468 1425 495 1480 iri
523 1422 642 1481 ltaliam
666 1421 814 1478 abductum
831 1439 841 1474 .·
856 1414 892 1473 ab
911 1417 963 1473 iia-

176 1501 263 1569 dem,
292 1502 350 1557 erim
374 1501 512 1561 debellari
540 1506 629 1581 possit
645 1546 653 1573 ‚
668 1504 772 1576 frande
799 1500 827 1556 id
855 1493 963 1554 bellum

176 1576 261 1637 ticli.
287 1577 320 1639 ld
345 1585 442 1650 fedus
469 1585 543 1643 iuter
576 1603 669 1640 omnes
705 1577 811 1638 nobiles
847 1579 962 1634 ictum.-

176 1679 226 1715 nec
242 1661 327 1735 finem
350 1663 416 1722 ente*
441 1661 509 1720 belli
532 1662 696 1732 habituros,
718 1658 801 1740 purim
817 1655 963 1715 cometem

176 1739 236 1794 reri
258 1739 419 1816 plebeium,
443 1745 473 1798 id
496 1753 565 1810 eat,
594 1743 730 1800 hominem
756 1758 851 1798 norum
870 1737 964 1806 jecis-

177 1827 249 1873 sent.
272 1819 345 1875 Nam
358 1819 481 1898 plebeios
496 1819 603 1879 nobiles
624 1824 682 1899 jam
712 1821 817 1878 eisdem
833 1818 964 1875 initiatos

178 1915 238 1953 esse
261 1901 374 1956 sacris:
392 1911 421 1957 et
433 1911 605 1958 contemnere
622 1899 732 1979 plebem
750 1942 759 1970 ,
779 1920 819 1957 ex
835 1917 888 1976 quo
901 1910 966 1954 con·

178 1979 265 2034 temni
287 1979 451 2038 desierint&
476 1980 625 2050 Patribus,
657 1986 778 2059 cepisse.
845 1992 850 2000 “

85 2067 166 2117 Varro
207 2055 265 2119 ·lV.
288 2059 370 2121 -ctm
391 2059 439 2120 his
454 2056 542 2129 Bebii
567 2061 676 2120 tribuni
704 2055 889 2119 orationibus
912 2073 965 2114 ac-

47 2129 130 2174 ‘⁰⁸⁸⁰‘
178 2153 264 2195 censa
289 2138 373 2218 plebs
390 2150 490 2213 esset,
516 2140 608 2200 tribus
620 2141 755 2222 patriciis
777 2133 965 2218 petentibus,

48 2198 147 2236 ‘'²⁰²⁸'‘
179 2214 294 2277 duobus
326 2219 469 2279 nobilium
493 2223 554 2300 jam
577 2220 756 2282 familiarum
788 2216 908 2299 plebei,
927 2216 962 2276 C.

178 2295 337 2369 Terentius
351 2301 453 2365 consul
465 2321 538 2360 unus
555 2314 690 2377 creatur,
706 2314 737 2360 ut
755 2301 785 2358 in
803 2297 965 2375 manuejus

177 2374 274 2465 asserit
293 2380 416 2435 comitia
441 2379 574 2455 rogando
597 2384 728 2458 college.
745 2380 822 2439 Tum
836 2387 965 2456 experta

176 2452 317 2525 nobilitas
329 2455 432 2534 parurn
449 2457 540 2517 fuisse
554 2463 661 2520 virium
674 2463 702 2518 in
715 2456 964 2541 competitoribus

177 2536 262 2615 eiua,
278 2534 311 2595 L.
331 2535 487 2598 AEmilium
509 2538 631 2600 llaulurn
647 2587 655 2614 ‚
671 2543 723 2621 qui
744 2562 813 2602 cum
833 2540 874 2598 M.
903 2537 967 2594 Lae-

48 2658 104 2720 lega
120 2613 220 2701 n.¹l⁰
233 2616 336 2675 consul
352 2614 468 2693 luerat,
485 2619 625 2683 infestum
644 2623 748 2703 plebi,
771 2623 822 2680 diri
838 2637 870 2675 ac
883 2615 966 2673 mul-

46 2693 241 2783 narParr-lbtn
267 2708 449 2759 recusantem
472 2696 507 2760 ¹acl
537 2706 713 2784 petitionem
739 2695 902 2776 ermpellit.
934 2695 965 2753 ls

48 2777 100 2842 ²1¹5.
121 2776 166 2822 Α·
177 2775 322 2857 proximo.
331 2779 475 2839 comitiali
490 2783 558 2856 dia,
585 2784 812 2844 concedentibus
823 2773 967 2834 omnibus

48 2836 136 2884 'mum'
177 2854 242 2947 qul·
256 2875 323 2927 cum
357 2850 488 2933 Vairone
511 2877 718 2936 certaverant,
741 2880 794 2942 par
820 2859 916 2932 magis
932 2859 965 2917 in

176 2928 386 3023 agliersandum
408 2940 728 3020 quim.collega.datur
747 2936 870 2999 consuli.
891 2941 964 3000 lndel

176 3018 316 3110 pretores
347 3021 465 3101 creati,
482 3018 638 3107 'exercitus'
669 3039 784 3100 quoque
813 3018 966 3102 multipli-

177 3104 241 3156 cati¹
253 3109 328 3156 sunt.
350 3106 354 3110 ’
599 3100 604 3107 ’

62 2596 104 2643 11ἱί
115 2597 165 2643 cot-

68 3193 164 3263 feeoees
218 3178 254 3239 V.
275 3178 403 3253 Delectu
418 3177 569 3275 perlecto,
585 3180 718 3243 consules
731 3201 841 3260 paucos
855 3182 971 3243 morati'

43 3268 147 3512 ἴω·
175 3254 262 3351 (lies,
279 3257 346 3323 dum
365 3262 440 3323 socri
465 3263 502 3327 ab
524 3265 645 3339 nomine
672 3264 779 3327 Latino
804 3264 965 3340 reuirent;
