2016 3780
129 207 192 274 182
351 197 681 272 T1n1L1v11

126 317 170 366 tot
189 307 279 365 nostri
296 307 406 447 imperii
426 309 548 386 ereptis,
571 329 615 368 me
635 317 751 367 sextum
773 306 913 373 decimum

122 386 307 465 pumannum
347 399 475 447 arentem
496 390 527 446 in
545 391 719 468 possessione
740 387 834 448 Italia
860 393 915 448 de·

125 469 258 526 traxisti.

165 570 226 634 Vt.
261 571 360 632 Potest
379 574 521 631 uictoriam
543 569 657 644 malle,
682 570 768 651 qudrn
785 593 912 653 pacem,

124 654 242 711 animus.
267 654 326 727 (4)
354 651 426 712 Noui
446 650 521 710 vobis
542 655 656 729 spiritus
676 655 770 730 magis
790 675 913 735 magnos

124 729 206 813 qudm
231 729 325 790 utiles.
345 733 397 792 'Et
424 732 495 790 milri
520 731 589 791 talis
617 730 767 813 aliquande
792 738 913 805 fortuna

123 810 242 887 offulsit.
277 811 403 889 Quodsi
423 815 450 871 in
472 815 599 872 secundis
620 812 700 871 rebus
720 812 820 872 bonone
841 835 914 893 quo-

122 908 176 972 que
190 901 311 951 mentem
326 896 427 952 darent
441 893 483 951 dii
492 911 505 964 ;
526 915 579 951 non
603 912 635 951 eu
658 892 826 973 soliumque
848 915 913 952 eue-

123 979 248 1041 nissent,
270 976 425 1031 sedetiam
448 993 480 1029 ea
501 993 560 1051 quoe
581 975 688 1031 evenire
707 983 837 1051 possent,
863 995 912 1052 re-

117 1064 294 1133 putaremus.
317 1052 356 1111 Ut
367 1053 487 1111 omnium
499 1051 671 1111 obliuiscaris
683 1053 821 1124 oliorum,
837 1057 913 1114 satis

122 1153 176 1211 ego
197 1135 355 1191 documenti
371 1135 399 1190 in
416 1153 510 1191 omncs
526 1152 607 1192 casus
625 1152 697 1194 sum.
724 1134 812 1213 Quem
830 1136 912 1194 modd

121 1214 223 1290 castris
236 1214 311 1271 inter
326 1213 458 1272 Anienem
474 1224 558 1292 atque
580 1211 675 1272 urbem
692 1225 811 1271 uestram
833 1217 912 1293 posi·

121 1293 182 1365 tis,
197 1293 259 1368 jam
273 1289 359 1373 prope*
374 1296 551 1352 scandentem
564 1297 661 1351 munia
674 1294 770 1353 Rome
779 1295 912 1369 videras,

121 1372 167 1433 tn
182 1375 294 1444 cernis,
316 1371 422 1432 duobus
430 1375 598 1444 fortissimis
612 1375 679 1432 viris
687 1372 830 1445 fratribus
846 1375 910 1433 clu-

122 1455 242 1513 rissinu's
254 1453 467 1532 imperatoribus
478 1452 606 1512 orbatum
618 1496 627 1525 ,
639 1450 813 1513 antdmoenia
821 1452 912 1535 prope

123 1532 243 1594 obsesso
252 1537 372 1614 patria,
388 1533 486 1614 quibus
503 1537 591 1594 terrui
606 1545 725 1594 vestram
741 1533 856 1608 urbem,
875 1557 910 1596 ea

120 1634 172 1696 pro
186 1615 248 1674 med
260 1619 465 1695 deprecantem.

162 1730 210 1795 Vl
220 1730 243 1790 Ι.
268 1732 407 1790 Maxima
422 1731 520 1811 cuique
529 1734 654 1803 fortuna
666 1727 780 1791 miruimd
795 1736 909 1792 creden·

122 1815 189 1874 dum
205 1825 257 1873 est.
279 1809 311 1869 ln
328 1813 406 1869 bonis
421 1812 478 1872 tuis
491 1812 593 1883 rebus,
609 1814 713 1872 nostris
723 1810 836 1886 dubiis,
853 1813 907 1873 tibi

121 1890 216 1970 ampla
231 1911 265 1950 ac
278 1893 403 1970 speciosa
423 1894 504 1950 danti
517 1906 561 1952 est
571 1913 635 1968 pax
650 1913 661 1946 .·
685 1891 764 1953 nobis
783 1895 903 1974 petenti·

121 1969 172 2031 bus
200 1973 295 2052 magis
325 1973 505 2043 necessario,
536 1969 621 2053 quim
641 1972 776 2035 honesta.»
793 1970 905 2035 Melior

121 2055 261 2134 tutiorque
280 2063 324 2112 est
339 2063 416 2110 certo
434 2073 519 2133 pax,
540 2051 623 2134 qudm
643 2067 755 2133 sperato
777 2057 905 2115 victorio.

120 2133 187 2195 Hac
209 2137 237 2192 in
261 2133 332 2205 tuci,
355 2131 407 2192 illu
430 2137 459 2194 in
480 2135 591 2193 deorum
608 2154 691 2192 manu
717 2146 769 2193 est.
797 2133 839 2195 Ne
862 2145 907 2196 tot

120 2236 254 2277 annorum
269 2213 441 2282 felicitatem
468 2215 496 2272 in
517 2217 599 2272 unius
618 2214 693 2274 liora
714 2217 824 2275 dederis
844 2217 907 2275 dis·

120 2296 234 2357 crimen.
259 2292 330 2354 Cum
349 2307 413 2355 tuas
432 2296 523 2364 vires,
544 2305 603 2352 tum
618 2296 805 2365 nimfortunoe
818 2294 908 2356 Mor·

120 2386 231 2457 temque
247 2372 316 2434 belli
333 2395 525 2444 communem,
541 2394 665 2453 propone
678 2380 782 2436 animo.
804 2374 906 2435 Utrin-

120 2477 173 2538 que
196 2459 332 2527 ferrum,
359 2476 405 2513 cor
425 2475 473 2511 ora
495 2453 614 2513 humanu
635 2469 737 2528 erunt;
765 2475 903 2536 nusquam
946 2509 950 2519 Ι

119 2536 209 2596 minus
233 2537 314 2615 quim
343 2536 370 2595 in
397 2477 471 2593 lello
500 2545 611 2592 euentus
633 2537 808 2613 respondent.
843 2535 904 2596 Non

118 2616 224 2676 tannim
242 2617 324 2675 adid
346 2619 419 2694 quod
435 2613 502 2675 dani
523 2617 663 2693 paceium
680 2614 783 2675 habere
799 2627 905 2694 potes,

119 2698 144 2755 si
173 2695 271 2777 prelio
300 2699 417 2768 uinces,
447 2695 548 2778 gloriar
577 2698 737 2776 adjeceris,
769 2699 905 2777 quantum

118 2779 280 2846 ademeris,
300 2777 326 2835 si
346 2780 413 2856 quid
432 2777 542 2836 aduersi
559 2779 678 2837 eveniat.
702 2775 794 2860 Simul
815 2789 903 2854 parta

118 2876 152 2931 ac
172 2867 283 2935 sperata
312 2859 412 2915 decora
440 2861 521 2916 unius
544 2854 615 2917 bore
630 2859 750 2927 fortuna
778 2870 903 2917 evertere

114 2947 218 3016 potest.
241 2933 342 2994 Omnia
368 2939 396 2996 in
414 2958 484 3017 pace
502 2937 553 3017 jun
577 2942 648 2998 enda
672 2949 727 2996 tuae
748 2940 903 3014 potestatu's

118 3028 203 3087 sunt„
228 3015 262 3075 P.
277 3013 411 3076 Corneli:
428 3029 493 3076 tunc
506 3037 539 3074 aa
554 2958 680 3103 labenda
691 3023 809 3087 fortuna
827 3022 901 3091 erit,

117 3118 200 3178 quom
220 3098 261 3156 dii
277 3099 414 3157 dederint.
432 3095 510 3157 Inter
530 3116 620 3176 pauca
633 3094 788 3166 felicitatis
811 3101 905 3158 uirtu-

151 3225 167 3289 4
184 3223 277 3304 (Noui
290 3225 365 3279 vobis
377 3224 491 3293 spiritus
526 3225 644 3291 animos,
654 3226 796 3277 utsoleotis
805 3244 904 3295 magna

117 3309 210 3359 niagno
223 3307 337 3362 magnos
345 3293 429 3361 ‹pudm
439 3293 492 3361 uti⁴
525 3292 607 3345 etalta
616 3293 903 3363 spirarepotilasqutm

118 3356 181 3427 les)
203 3361 276 3415 Novi
289 3360 364 3413 vobis
375 3377 420 3415 eoo
436 3377 502 3414 osce*
527 3358 635 3416 utilibus
648 3363 824 3430 acquiescere.

574 3546 592 3571 1
