2016 3780
284 162 574 265 ,Naanarro
622 162 743 233 xlx.
865 167 909 236 85

124 270 195 331 tium
209 273 329 330 uirorum
343 291 402 329 esse
416 312 425 341 ,
447 268 588 328 ferociter
599 267 731 326 dicerent
746 316 754 340 ,
776 270 909 329 accensit

125 352 267 430 utrinque
288 350 396 415 animis
419 352 456 408 ad
478 367 559 407 arma
574 348 769 420 discurritur,
794 363 822 408 et
838 364 911 429 ptae·

127 430 204 488 lium
228 431 401 488 conseritur.
909 439 913 447 '

171 507 223 567 lll.
246 507 312 580 lbi,
335 513 394 587 jam
416 508 589 585 urgentibus
622 506 784 566 Romanam
809 506 910 566 urbem
949 516 1003 582 hg

126 586 215 655 fatis,
234 587 324 665 legati
341 591 504 667 contra'jus
518 587 651 665 gentium
665 608 744 645 arma
766 589 886 668 capiunt
902 608 912 657 3
938 590 998 685 2²³1}

126 687 179 725 nec
195 666 228 725 id
242 667 317 727 clam
331 686 395 726 esse
409 669 523 746 potuit,
545 667 612 726 clim
629 679 695 725 ante
709 670 793 744 signa
808 669 912 727 Etrus·
927 653 1008 742 nnio

125 766 226 807 corum
247 757 307 806 tres
329 747 511 807 nobilissimi
538 747 751 824 fortissimique
776 746 913 806 Romane
922 754 1006 815 piune·

87 880 90 885 ,
124 828 285 908 juventutis
307 839 495 905 pugnarent:
518 828 632 886 tanturn
655 828 803 886 eminebat
826 845 914 906 pere·

124 909 212 985 guina
233 907 335 966 virtus.
367 909 450 987 Quin
477 908 566 965 etiarn
595 908 634 985 Q.
657 906 767 967 Fabius
791 918 914 967 evectus

55 1047 62 1054 ,
124 1000 205 1046 extra
228 991 322 1046 aciem
349 1007 446 1066 equo,
470 990 517 1063 (1)
541 985 646 1046 ducem
663 986 815 1046 Gallorum
833 985 915 1045 lero·

126 1067 201 1125 citer
223 1069 255 1124 in
277 1070 343 1147 ipsa
369 1070 450 1144 signa
470 1067 660 1127 Etruscorum
688 1070 913 1134 incursantem,

126 1165 183 1227 per
206 1145 280 1205 latus
304 1145 472 1205 transfixum
496 1146 733 1217 latrunculis,
759 1147 917 1224 spoliaque·

127 1231 191 1302 ejus
209 1224 359 1303 legentem
382 1225 463 1288 Galli
494 1228 659 1304 agnovere,
685 1246 796 1306 perque
820 1237 919 1284 totam»

127 1306 241 1378 aciem,
267 1305 432 1367 Romanum
454 1305 584 1384 legatum
598 1324 663 1366 esse
677 1351 685 1380 ,
709 1308 771 1384 (2)
796 1298 913 1384 signum

128 1385 226 1444 datum
251 1396 306 1447 est.
836 1404 840 1411 ·
914 1410 918 1419 ·

170 1463 223 1524 tv.
247 1463 366 1523 Omissa
386 1464 454 1523 iude
476 1466 506 1523 in
525 1465 662 1526 Clusinos
684 1465 747 1537 iri,
777 1461 912 1542 receptui

129 1552 268 1622 can-unt,
291 1543 437 1601 minantes
466 1542 616 1603 Romanis.
637 1546 754 1615 Erant,
777 1547 829 1624 qui
857 1551 993 1602 aarum

129 1622 246 1700 ternplb
280 1622 403 1682 Romam
433 1621 561 1680 eundum
592 1633 777 1694 oerrserertt3
818 1605 1007 1708 vicerefffossff

130 1703 283 1782 seniores,
306 1713 336 1762 ut
356 1700 447 1779 legati
466 1704 548 1782 prius
571 1704 759 1760 mitterentur
778 1711 912 1780 questum
927 1718 975 1765 siti·

129 1782 274 1860 injurias,
294 1783 551 1864 postulatumque,
568 1793 615 1854 ut,
635 1801 689 1860 pro
707 1783 771 1859 jure
784 1783 917 1858 gentium
927 1781 988 1827 aaut

130 1860 267 1936 violato,
296 1862 384 1924 Fabii
416 1861 603 1922 dederentur.
628 1863 731 1939 Legati
761 1862 917 1922 Gallorum

129 1943 198 2003 calm
222 1963 281 2015 ea,
304 1946 381 2002 sicut
401 1955 483 2002 erant
503 1942 657 2012 mandata,
685 1945 917 2021 exposuissentg

130 2023 244 2081 senatui
262 2042 317 2082 uec
330 2023 439 2082 lactum
459 2023 593 2102 placebat
611 2022 795 2091 Fabiorum,
819 2033 849 2080 et
871 2023 919 2100 jus

131 2101 281 2182 postulare
304 2102 419 2161 barbari
436 2102 631 2173 videbantur;
654 2101 704 2159 sed
729 2121 765 2158 ne
788 2099 818 2157 id
838 2098 918 2177 quod

131 2181 294 2261 placebat,
322 2180 575 2256 (3)·tlecernerent
592 2183 624 2236 in
646 2191 733 2238 tantae
755 2179 919 2241 nobilitatis

132 2260 227 2332 viris,
254 2264 301 2336 (4)
325 2260 447 2318 ambitio
471 2260 613 2318 obstabat.
647 2258 747 2338 ltaque
770 2279 807 2316 ne
822 2268 919 2339 'penes

130 2341 213 2419 ipsos
236 2339 323 2419 culpa
351 2350 427 2398 esset
463 2338 555 2399 cladis
586 2337 662 2396 forte
691 2338 812 2398 Gallico
836 2339 919 2398 bello

131 2430 282 2500 accepte,
303 2418 505 2496 cognitionem
529 2419 565 2477 tle
593 2417 746 2498 postulatis
761 2418 918 2479 Gallorum

130 2499 168 2559 ad
193 2501 336 2578 populum
359 2499 527 2575 reiiciunt3
547 2498 596 2556 ubi
621 2500 702 2557 tantb
731 2499 799 2580 pllrs
822 2502 917 2576 gratia

133 2591 220 2655 atque
236 2597 306 2656 opes
319 2579 455 2649 valubre‚
472 2589 525 2650 ut,
541 2597 665 2656 quorum
680 2577 715 2638 tle
737 2580 823 2658 poeul
847 2599 917 2657 age-

131 2659 236 2729 batur,
259 2659 370 2717 tribuni
394 2659 525 2716 militum
547 2659 694 2717 consulari
710 2671 854 2740 potestate
884 2662 917 2718 in

130 2739 357 2815 insequenteml
374 2757 481 2796 anuum
515 2751 689 2813 crearentur.
732 2740 801 2818 Quo
836 2737 918 2799 lacto
976 2754 978 2758 '

129 2817 210 2878 haud
234 2818 319 2876 seclis
342 2819 430 2894 quarn
450 2817 570 2894 dignum
597 2830 658 2877 erat
679 2816 788 2878 infensi
809 2819 917 2892 Galli,-

129 2896 242 2959 bellum
261 2896 413 2978 propalam
432 2900 577 2958 minantes
592 2934 612 2971 ‚-
630 2898 665 2958 ad
688 2916 756 2958 suos
778 2899 916 2960 redeunt.

166 3054 322 3120 1(Dueem
338 3057 503 3126 Gallorum)
540 3058 572 3108 ed
596 3057 732 3123 proximos
763 3054 917 3122 perferenti·

130 3121 280 3191 Quemdaur
294 3124 439 3177 bducibus.
539 3124 604 3181 bus,
618 3125 773 3174 nunciatum
788 3134 835 3170 est.
858 3174 864 3185 ¹

165 3207 180 3238 a
191 3191 201 3254 (
212 3188 330 3257 Signum
341 3191 432 3253 (latum
441 3204 483 3241 est
494 3192 504 3256 )
574 3188 817 3253 3(Decernerent)
826 3187 918 3240 Patres

132 3253 191 3306 Hoc
200 3268 236 3305 est
243 3295 250 3320 ‚
259 3254 329 3323 jussu
340 3257 505 3324 imperatoris
571 3257 588 3318 4
599 3256 609 3319 (
619 3253 742 3305 Arrttitio
753 3256 763 3318 )
777 3253 916 3306 Pravustu

133 3335 178 3387 per
187 3334 270 3376 totam
282 3323 382 3394 aciem,
394 3323 505 3399 singulis
539 3332 661 3390 potentes
673 3320 759 3374 levor·
