2016 3780
173 167 445 237 Nnnnnrto
492 165 839 264 XXXIV..209

58 289 136 343 urce-
154 270 296 350 occupatb
326 269 378 330 sud
401 288 488 350 super
512 281 600 351 caput
627 271 840 345 imminentes,

57 349 133 410 alios
149 351 196 410 via
214 349 336 409 transire
350 349 457 410 hostes.
476 350 607 428 Utraque
626 351 716 409 simul
728 353 842 428 objecta

58 448 108 488 res
136 472 146 501 ‚
181 429 277 488 oculis
305 429 467 510 animisque
491 430 659 491 immobiles
684 449 843 511 parumper

59 527 112 570 eos
127 507 240 569 defixit.
262 509 379 569 Deinde
402 520 434 571 ut
455 510 679 591 trepidationem
695 513 726 570 in
740 529 845 588 angus·

58 588 131 662 tiis,
159 608 268 668 suoque
284 591 381 671 ipsum
398 588 525 650 tumultu
542 591 663 651 misceri
678 611 783 670 agmen
797 590 843 648 vi-

56 667 151 740 dere,
178 671 261 748 equis
285 671 416 730 maxime
442 674 669 745 consternatis,
700 669 843 750 quicquid

58 747 236 827 adjecissent
259 751 320 830 ipsi
341 748 463 810 tbrroris
488 777 498 824 3
529 751 600 810 satis
624 750 659 811 ad
677 752 842 831 perniciem

55 827 120 890 sore
138 832 215 903 rati,
241 833 307 908 (9)
324 831 471 911 peruersis
493 832 616 911 rupibus
634 875 642 903 ,
665 832 744 909 juxta
761 832 844 890 inuia

56 927 91 969 ao
119 906 203 970 deuia
226 912 334 970 assueti
356 909 525 971 decurrunt.
555 910 633 971 Tum
654 913 723 970 verb
752 909 843 971 simul

55 989 92 1049 ab
117 987 255 1049 hostibus
280 1033 289 1062 ‚
322 990 411 1050 simul
443 991 480 1050 ab
513 990 672 1068 iniquitate
708 990 843 1050 locorum

47 1068 137 1131 -Poeni
156 1071 402 1149 oppugnabantur
425 1114 434 1143 ‚
477 1069 604 1151 plusque
632 1071 710 1129 inter
732 1073 844 1150 ipsos,

56 1147 139 1227 (sibi
162 1168 278 1229 quoque
297 1150 433 1209 tendente
455 1160 487 1209 ut
507 1149 642 1231 periculo
663 1151 749 1228 prius
774 1170 843 1209 era-

54 1228 139 1289 deret
161 1231 174 1304 )
199 1230 286 1307 quim
313 1250 382 1292 cum
407 1230 538 1292 hostibus
567 1231 740 1291 certaminis
767 1241 842 1291 erat.

57 1306 134 1388 Equi
157 1311 284 1369 maxime
303 1311 444 1370 infestum
466 1330 571 1389 agrum
592 1310 763 1384 faciebant,
789 1308 840 1388 qui

55 1399 86 1451 et
114 1387 292 1449 clamoribus
322 1390 476 1461 dissonis,
503 1410 578 1468 quos
608 1410 728 1450 nemora
750 1392 842 1449 etiam

56 1488 89 1530 re
111 1487 296 1548 ercussaeque
317 1467 407 1530 valles
429 1469 596 1545 augebant,
625 1470 721 1529 territi
737 1470 844 1549 trepi-

54 1488 185 1620 dabant3
209 1559 239 1606 et
262 1548 317 1607 icti
336 1547 411 1607 forte
431 1560 481 1607 aut
504 1548 646 1607 vulnerati
665 1548 740 1607 adeb
760 1567 844 1608 cons·

54 1629 271 1700 ternabantur,
291 1639 324 1688 ut
351 1639 480 1707 stragem
502 1629 652 1706 ingentem
677 1628 765 1686 simul
793 1628 844 1686 bo-

54 1711 168 1770 minum
186 1728 221 1769 ac
237 1710 417 1770 sarcinarum
441 1711 668 1788 omnis-generis
688 1707 841 1768 facerent:

56 1793 142 1869 (ro)
165 1792 332 1868 multosque
352 1791 464 1863 turba,
505 1792 573 1850 cum
590 1789 764 1870 praecipites
787 1788 842 1848 de-

47 1878 205 1949 ruptaque
219 1871 356 1948 utrinque
373 1870 513 1950 angustias
526 1881 644 1941 essent,
668 1870 697 1927 in
713 1869 842 1928 immen-

55 1968 121 2010 sum
140 1949 303 2010 altitudinis
322 1949 430 2029 dejecit
448 1977 456 2029 3
483 1950 625 2027 quosdam
648 1958 677 2006 et
701 1961 841 2008 armatos.

55 2026 128 2105 lude
140 2029 231 2087 ruinae
240 2030 378 2090 maximae
387 2030 476 2090 modo
484 2033 689 2107 jumentacum
702 2028 845 2098 oneribus

58 2102 299 2165 devolvebantur.

96 2176 154 2247 Xl.
174 2185 248 2264 Quae
264 2205 429 2268 quanquam
448 2185 527 2246 foeda
544 2185 609 2243 visu
624 2192 733 2255 erant,
758 2184 844 2246 stetit

55 2283 216 2349 parumper
242 2277 343 2326 tamen
371 2265 496 2326 'Annibal
515 2285 548 2326 ac
574 2283 641 2324 suos
661 2264 844 2338 continuit,

56 2347 95 2406 ne
111 2345 269 2407 tumultum
285 2367 319 2406 ac
332 2347 559 2428 trepidationem
580 2342 845 2424 augeret.·Deinde

56 2437 213 2508 postquam
225 2429 402 2508 interrumpi
419 2448 523 2506 agmen
536 2426 613 2485 vidit
630 2471 638 2499 ‚
660 2424 844 2506 periculum·

57 2525 115 2584 que
137 2525 201 2563 esse
216 2550 226 2579 ‚
242 2511 280 2567 ne
298 2520 421 2568 exutum
441 2505 663 2587 impedimentis
678 2507 844 2567 exercitum

58 2585 256 2664 nequicquam
277 2587 457 2649 incolumem
479 2587 681 2659 traduxisset,
707 2585 844 2647 decurrit

57 2685 95 2727 ex
106 2666 260 2746 superiore
272 2666 340 2728 loco
352 2692 362 2742 3
377 2680 423 2741 et,
436 2667 503 2728 clun
513 2668 625 2748 impetu
639 2668 705 2747 ipso
715 2665 844 2737 scidisset

83 2811 109 2862 ·9
119 2793 283 2859 (Perversr's
294 2794 431 2862 rupibus)
470 2792 560 2846 Turba
575 2790 620 2846 hic
640 2806 680 2845 est
698 2795 837 2846 tumultus.

58 2860 108 2913 Per
125 2859 235 2912 infestas
257 2862 432 2928 molestasque
466 2860 669 2928 Intelligendum
691 2875 730 2912 est
753 2875 841 2912 autam

59 2944 137 2994 rupes
148 2967 155 2994 ,
179 2928 250 2979 haud
262 2930 329 2996 aegre
340 2930 433 2981 decur·
464 2926 537 2979 huuc
557 2928 700 2988 tumultum
711 2928 842 2980 accidisse

60 3007 137 3054 runt,
161 3007 250 3061 utpote
260 2998 375 3058 assueti,
390 2996 433 3045 in-
466 2996 847 3061 maximecircaimpedimerr--

62 3061 105 3113 via
125 3063 221 3126 pariter
238 3079 270 3114 ac
289 3064 384 3128 devia,
405 3063 433 3113 id
467 3074 502 3114 ta.
515 3064 607 3129 Itaque
618 3061 645 3110 bi
660 3062 705 3128 qui
715 3060 840 3133 dicuntqr

62 3140 120 3190 est,
138 3139 164 3176 et
175 3145 204 3178 ea
215 3128 245 3177 in
256 3130 349 3195 quibus
359 3129 433 3182 nulla
466 3131 496 3180 in
515 3129 674 3178 immensum
694 3124 841 3176 altitudinis

63 3194 106 3245 via
117 3205 189 3258 erat,
211 3206 238 3245 et
252 3212 350 3262 eaquae
364 3194 436 3248 avit
468 3190 583 3260 dejecti,
610 3191 762 3256 accipiendi
778 3197 842 3245 suut

64 3257 126 3311 sus
135 3260 307 3311 divertebant.
467 3261 528 3317 lire
542 3275 573 3313 ac
588 3259 704 3316 calones.

102 3341 131 3376 ro
143 3326 322 3403 (inultosqpc
334 3326 412 3411 trsrlm¹
424 3329 435 3399 )
