2062 3786
98 291 163 376 tat
324 289 451 362 T1u1
498 292 656 366 Lrvrr

93 397 147 471 qui
161 394 341 472 Carthagine
358 406 442 470 erat,
460 408 491 455 et
506 397 619 459 cibaria
634 400 750 462 dierum
771 400 886 483 atquot

93 492 198 554 parare
213 462 364 554 jubentur‘.r
831 511 839 554 1
880 479 884 488 '

134 553 189 617 IX.
223 556 306 615 Haud
329 556 433 634 procul
455 557 514 634 iam
535 557 882 637 Carthagineaberant,

93 633 160 693 cbm
183 634 330 693 exobulis
355 636 417 712 (7)
441 636 739 719 auditum',*p0stero
754 641 806 701 die
818 662 884 703 om-

91 733 160 771 nem
177 715 342 773 exercitum
364 733 431 773 cum
453 713 494 776 Μ.
509 716 609 778 Silano
633 717 805 797 proficisci,
821 742 881 780 non

91 804 172 852 metu
186 794 273 853 morib
288 794 370 854 omni
385 838 394 867 ,
410 797 460 874 qui
474 797 580 856 tacitus
592 796 739 856 insidebat
750 801 878 869 animis,

89 872 226 932 liberavit
249 895 324 947 eos,
353 873 405 932 sed
430 875 566 935 laetitiam
595 877 744 952 ingentem
768 877 842 935 fecit
866 895 874 933 ε

90 952 167 1031 quod
179 957 275 1032 magia
288 953 416 1015 habituri
431 953 527 1013 solum
543 957 775 1034 imperatorem,
789 976 878 1035 quam

89 1032 147 1113 ipsi
160 1031 252 1094 loturi
267 1035 298 1092 in
311 1042 456 1113 potestate
469 1036 533 1112 eius
547 1045 653 1094 essent.
668 1035 728 1095 Sub
737 1055 879 1095 occasum

89 1113 162 1173 solis
183 1113 285 1177 urbem
301 1113 427 1190 ingressi
445 1126 534 1187 suut,
558 1116 783 1195 exercitumque
804 1116 879 1176 alte-

89 1213 154 1254 rum
169 1205 320 1275 parantem
337 1193 435 1253 omnia
454 1193 489 1255 ad
507 1197 565 1254 iter
581 1194 730 1257 viderunt.

49 1289 78 1321 *⁶-
129 1274 169 1346 Χ,
203 1277 229 1335 Α
257 1273 383 1334 tribunis
416 1273 478 1341 sine
508 1274 571 1335 ullo
593 1276 720 1336 tumultu
743 1285 880 1337 auctores

49 1351 77 1438 li.
89 1353 246 1416 seditionis
263 1375 317 1436 per
328 1354 453 1414 idoneos
467 1354 602 1416 homines
615 1355 753 1439 perducti
766 1356 797 1414 in
810 1357 881 1417 hoa-

89 1435 161 1515 pitia
173 1436 382 1516 comprehensi
396 1455 429 1495 ac
445 1435 539 1494 vincti
554 1448 631 1497 sunt.
649 1435 763 1514 vigilia
775 1436 880 1516 quarti

51 1528 72 1562 ⁵·
88 1515 304 1596 impedimenta
316 1514 467 1577 exercitlls
478 1560 489 1587 ,
502 1520 586 1595 cujus
598 1518 794 1578 simulabatur
805 1519 880 1588 iter,

87 1595 240 1680 proficisci
253 1599 383 1678 coepdre.
400 1597 460 1657 Sub
474 1597 572 1658 lucem
589 1599 783 1676 signamote,
798 1609 828 1657 et
840 1596 878 1657 ad

88 1690 203 1760 portam
216 1689 363 1739 retentum
375 1697 481 1756 agmen
495 1698 501 1736 :
521 1679 717 1759 custodesque
726 1679 805 1738 circa
817 1697 881 1737 om·

88 1779 140 1820 nes
154 1769 253 1840 portas
271 1759 374 1831 missi,
394 1778 431 1817 ne
445 1758 511 1837 quis
526 1759 600 1818 urbe
612 1759 815 1837 egrederetur.

126 1851 182 1913 Xl.
205 1851 312 1912 Vocati
335 1847 444 1908 deinde
462 1849 497 1908 ad
516 1850 692 1909 concionem
712 1850 761 1927 qui
778 1848 878 1928 pridid

86 1939 245 2002 venerant,
265 1929 403 1988 ferociter
416 1929 448 1986 in
464 1928 560 1988 forum
580 1927 614 1987 ad
634 1929 763 1990 tribunal
776 1932 876 2009 impe-
907 1989 925 1996 ,,

87 2008 222 2082 tatoris,
252 2009 386 2068 utultrb
410 2010 546 2070 territuri
570 2008 878 2082 succlamationibus,

87 2099 273 2152 concurrunt.
310 2086 406 2149 Simul
440 2102 471 2150 et
501 2089 664 2169 imperator
688 2091 721 2148 in
747 2090 878 2150 tribunal

88 2169 242 2245 escendit,
263 2181 293 2229 et
312 2167 426 2231 reducti
449 2171 554 2231 armati
573 2170 589 2230 d
607 2170 703 2252 portis
718 2168 827 2229 inermi
845 2191 877 2230 se

88 2251 228 2314 concioni
248 2246 283 2311 ab
299 2260 384 2329 tergo
400 2248 661 2312 circumfuderunt.
680 2250 759 2312 Turn
780 2253 876 2312 omnis

79 2333 201 2394 'ferocia
221 2331 375 2404 concidit,
409 2341 465 2405 et,
497 2341 529 2392 ut
557 2342 660 2410 postea
683 2330 873 2404 fatebantur,
958 2368 961 2375 ·

88 2413 166 2473 nibil
182 2412 268 2490 oequd
283 2430 334 2470 eos
351 2411 476 2483 terruit,
500 2410 588 2490 qudm
603 2421 710 2491 praeter
726 2431 808 2493 spem
825 2431 874 2469 ro-

88 2494 145 2555 bur
162 2503 192 2552 et
208 2491 289 2551 color
309 2492 520 2570 imperatoris,
542 2510 631 2570 quern
643 2491 781 2552 aflectum
796 2491 875 2551 uisu·

87 2593 137 2635 ros
153 2571 337 2634 crediderant
347 2597 356 2646 ;
376 2570 554 2651 vultusque,
573 2572 693 2650 qualem
710 2593 747 2632 ne
763 2573 795 2632 in
810 2573 875 2632 acie

87 2653 206 2734 quidem
218 2651 335 2713 aiebant
349 2652 532 2714 meminisse.
550 2650 635 2714 Sedit
649 2655 756 2715 tacitus
769 2653 878 2735 paulis·

86 2754 162 2816 per,
181 2733 276 2793 donec
301 2733 472 2794 nunciatum
490 2745 536 2794 est
558 2732 699 2795 deductos
725 2735 754 2793 in
779 2733 877 2795 lorum

88 2825 222 2875 auctores
238 2811 393 2873 seditionis
406 2858 415 2886 ,
437 2825 467 2874 et
479 2826 580 2895 parata
591 2817 649 2895 jam
662 2814 762 2874 omnia
777 2833 853 2874 esse.
866 2815 871 2823 ’

49 2912 78 2970 to·
128 2905 196 2970 Xll.
223 2904 303 2966 Tum
322 2904 444 2966 silentio
460 2928 514 2986 per
530 2926 696 2990 praeconem
711 2904 809 2977 facto,
832 2907 877 2968 ita

49 3010 61 3088 ᾗ
89 2988 210 3071 coepit:
239 2987 387 3069 Nunquam
415 2989 484 3049 mibi
509 2991 669 3059 defuturam
692 2989 875 3068 orationem,
932 3002 952 3019 ⁸

49 3129 58 3141 '
109 3125 461 3194 7(Additum...liberavit...
495 3142 603 3179 omnem
614 3138 719 3193 postero
736 3126 779 3178 die
792 3125 874 3194 proli-

79 3192 461 3266 sect't)Auditumestinrecto
496 3196 575 3256 cisci,
590 3211 645 3245 non
659 3194 779 3246 liberavit
793 3193 874 3244 modb

88 3279 171 3327 casu,
187 3274 213 3311 et
224 3261 331 3313 refertur
342 3263 375 3314 etl
385 3263 463 3314 verba
496 3279 541 3312 eos
566 3263 640 3312 omni
667 3270 756 3324 metu,
779 3260 823 3309 sed
845 3272 873 3309 et

88 3329 223 3395 sequentia
243 3327 400 3380 liberavit...
414 3325 462 3397 fe-
496 3329 617 3387 laetitiam
639 3329 783 3396 ingentem.
797 3327 872 3378 tecit.

87 3392 137 3443 cit.
150 3396 268 3448 Nuucius
280 3395 406 3446 e'xobviis
418 3413 461 3448 ac·
495 3397 573 3449 Hanc
595 3396 733 3464 loquendi
759 3393 873 3444 loturam

84 3462 462 3532 ceptus,nfflnpe,exorcitun
494 3464 598 3521 videtur
608 3462 742 3535 adamasse
751 3461 855 3517 Liuius.
