2016 3780
247 151 530 221 Nannarro
578 149 663 218 lll.
810 173 848 229 η

62 264 189 322 receset
203 265 309 337 suopte
325 256 467 332 ingenio,
484 268 514 314 et
532 253 612 337 pleni
634 253 854 313 adhortantium

62 336 190 400 vocibus
202 336 233 393 in
251 334 382 394 inedium
399 337 477 397 inter
495 335 566 395 duas
579 334 662 394 acies
674 332 853 413 procedunt.

62 415 263 480 Consederent
279 417 417 495 utrinque
442 436 497 497 pro
520 417 624 477 caetris
650 414 709 474 duo
733 413 855 474 exerci-

63 508 132 571 tus,
155 494 285 578 periculi
304 498 403 575 magis·
418 497 571 578 presentis
586 492 673 574 quim
695 512 778 555 curoe
799 513 853 552 esc-

62 588 172 660 portes.
207 578 331 657 Quippe
358 579 520 658 imperium
543 576 705 654 agebatur,
732 575 765 632 in
791 583 853 635 teus

61 676 225 738 paucorum
246 657 355 719 virtute
376 669 470 737 atque
483 656 599 719 fortuna
623 655 773 736 positum,
793 654 854 714 ita-

62 758 120 818 que
137 758 208 816 ergo
228 738 321 799 erecti
337 739 532 820 suspensique
549 739 581 796 in
597 736 720 797 minime
734 746 853 815 gratum

61 818 265 901 spectaculum
285 819 385 880 animo
403 820 605 881 intenduntur.
626 874 630 879 .

102 932 159 998 IV.
175 936 271 995 Datur
293 933 410 1013 signum
426 956 433 995 t
451 934 626 1016 infestisque
642 931 731 994 armis
745 976 754 1002 ,
770 929 854 992 velut

62 1015 168 1086 scies,
199 1017 276 1074 terni
309 1017 430 1096 juvenes
460 1015 646 1094 magnorum'
666 1013 854 1074 exercituum

63 1097 176 1156 animos
202 1106 362 1174 gerentes,
393 1108 572 1158 concurrunt
599 1117 607 1155 τ
636 1098 700 1155 nec'.
720 1094 768 1174 his
796 1110 855 1153 nec

14 1185 17 1195 ¹
63 1174 126 1235 illis
142 1175 308 1256 periculum
323 1196 429 1252 suurn,
443 1176 605 1257 ,publicum
618 1175 778 1258 imperium
790 1191 855 1234 ser-

62 1255 227 1337 'vitiumque
237 1256 408 1318 obversatur
418 1258 527 1332 animo,
535 1259 693 1336 futuraque
702 1273 735 1315 ee
747 1253 855 1314 deinde

26 1392 30 1397 .
62 1333 166 1417 patria
192 1336 307 1397 fortuna
330 1357 419 1416 quam
441 1338 499 1419 ipsi
522 1339 673 1399 iecissent.
697 1336 736 1397 Ut
752 1336 857 1415 primo

62 1415 164 1476 statim
179 1433 323 1474 concursu
337 1418 511 1496 increpuere
523 1439 626 1492 arnna,
648 1417 855 1493 micantesque

62 1494 174 1557 fulsere
197 1492 312 1572 gladii,
337 1494 443 1552 horror
466 1496 579 1570 ingens*
590 1498 755 1575 spectantes
769 1513 856 1576 pers·

63 1577 187 1652 tringit,
210 1584 245 1632 et
263 1574 368 1631 neutri>
389 1571 534 1633 inclinata
558 1593 611 1654 spe
635 1575 771 1651 torpebat
796 1590 857 1636 vox

64 1655 259 1735 spiritusque.
287 1651 442 1714 Consertis
470 1652 576 1714 deinde
601 1654 764 1725 manibus,
785 1653 856 1715 cnm

63 1738 122 1817 jam
144 1751 202 1792 non
216 1743 314 1793 motus
335 1733 452 1793 tanttim-
469 1754 648 1816 corporum,
672 1735 857 1814 agitatioque

64 1833 171 1896 anceps
188 1812 315 1872 telorum
332 1833 561 1895 armorumque,
577 1817 628 1876 sed
645 1815 765 1876 vulnera
780 1834 857 1895 quo·

63 1916 121 1978 que
136 1905 167 1953 et
182 1894 303 1972 sanguis
312 1895 487 1975 spectaculo
498 1906 597 1956 essent
609 1922 618 1970 3
636 1894 694 1955 duo
706 1896 857 1972 Romani,

64 1990 154 2056 super
173 1972 265 2034 elium
287 1973 386 2048 alius,
409 1975 573 2036 vulneratis
593 1976 688 2036 tribus
705 1977 856 2049 Albanis,

64 2055 236 2135 expirantes
251 2065 435 2112 corruerunt.
461 2055 510 2115 Ad
526 2075 651 2134 quorum
668 2075 770 2116 casum
787 2057 857 2117 crim

63 2132 280 2196 conclamasset
292 2132 397 2208 gaudio
410 2134 540 2194 Albanus
553 2136 726 2204 exercitus,
744 2135 858 2196 Roma.

64 2234 117 2276 nas
134 2213 269 2291 legiones
280 2211 339 2289 jam
351 2230 419 2291 spes
430 2222 513 2286 tota,
529 2213 660 2280 nondum
676 2224 774 2274 tamen
785 2234 858 2275 cura
881 2248 884 2253 ·
936 2280 940 2295 ἴ

64 2296 257 2365 deseruerat,
284 2291 437 2353 exanimes
457 2294 523 2355 vice
544 2295 653 2369 unius,
680 2313 769 2375 quern
794 2307 856 2357 tres

64 2374 195 2455 Curiatii
216 2373 481 2436 circumsteterant.
530 2386 532 2393 ⁴

105 2491 144 2557 V.
159 2487 256 2550 Forte¹
271 2489 298 2548 is
321 2488 437 2568 integer
452 2488 535 2563 luit,
561 2499 594 2551 ut
613 2489 758 2553 universis
774 2489 855 2557 solut
955 2508 960 2518 ’

66 2570 252 2651 'nequaquam
268 2588 345 2649 per,
372 2570 415 2630 sic
436 2569 575 2632 adversis
599 2572 732 2651 singulos
756 2571 855 2634 feror.

66 2648 165 2729 Ergo,
188 2659 218 2709 ut
241 2662 410 2728 segregaret
428 2669 557 2731 pugnarn
580 2671 703 2724 eorum,
727 2654 855 2734 capessit

63 2731 166 2810 lugam
178 2751 185 2789 t
199 2729 240 2789 ita
255 2740 334 2789 ratus
347 2742 519 2805 secuturos,
530 2742 563 2790 ut
575 2752 721 2812 quemque
733 2735 855 2794 vulnere

65 2811 207 2875 allectum
223 2828 332 2890 corpus
345 2812 465 2877 sineret.
482 2811 749 2893 Jam‘aliquanturn
763 2815 854 2898 spatii

65 2914 102 2954 sx
116 2912 153 2953 eo
166 2889 257 2966 loco,
274 2889 326 2962 uhi
340 2902 500 2973 pugnatum
512 2905 579 2967 est,
596 2893 768 2973 aufugerat,
783 2896 856 2959 ciam

65 2973 235 3056 respiciens
255 2971 335 3032 videt
350 2973 466 3053 magnis
486 2973 653 3035 intervallis
674 2986 830 3057 sequentes
841 2996 858 3050 ς,
944 2980 946 2985 '

64 3068 156 3115 unum
182 3051 267 3113 haud·
286 3053 390 3134 procul
416 3055 453 3115 ab
480 3073 545 3116 sese
569 3056 670 3117 abesse
697 3076 703 3115 :
729 3058 761 3116 in
783 3074 854 3116 eunt

65 3149 176 3212 magno
186 3135 302 3212 impetu
314 3135 400 3196 redit.
421 3124 462 3197 Et
479 3134 551 3195 dum
563 3134 695 3200 athanas
706 3135 855 3199 exercitus

68 3213 206 3275 inclamat
221 3213 383 3288 Curiatiis,
399 3217 446 3276 uti
462 3233 552 3299 opem
565 3214 658 3277 ferant
670 3215 776 3288 fratri,
795 3217 855 3295 jaus

65 3292 207 3361 Horatius
228 3314 303 3386 ceso
325 3296 410 3363 hoste
426 3298 522 3362 victor
544 3297 702 3361 secundam
724 3309 855 3378 pugnare
915 3352 960 3424 Α..

666 3384 736 3455 ,46
