2062 3786
154 234 216 318 198
380 227 502 298 T1n1
548 227 702 298 L1v11

149 331 347 391 Alexandrum
363 375 372 405 ‚
397 344 426 392 et
440 346 505 394 ante
520 333 678 408 Pyrrhum,
708 347 737 394 et
757 346 824 396 ante
840 356 941 397 omncs

150 411 223 471 alias
235 418 416 491 imperatores
426 435 496 473 esse.
510 413 547 473 Et
559 414 735 493 perplexum
749 416 861 475 Punico
872 428 941 476 astu

150 494 347 572 responsum,
369 503 399 551 et
415 494 610 572 improvisum
627 497 830 571 assentationis
844 513 943 574 genus

128 571 131 574 ’
150 573 319 652 Scipionem
344 575 493 646 movisse,
516 573 594 653 qnod
617 575 634 632 ὸ
655 595 745 656 grege
762 595 792 635 se
808 579 943 668 impera·

65 654 71 662 ’
150 663 248 711 torum
268 651 347 713 velut
364 654 607 717 inaestitnabilem
624 659 808 717 secrevisset.
825 655 943 719 Villius
1004 720 1011 735 ,

39 736 47 759 ’
151 732 187 792 ab
208 732 330 813 Epheso
352 735 515 814 Apameam
539 737 692 818 processit.
717 737 762 797 Εὸ
786 747 815 794 et
835 739 944 796 Antio·

150 811 246 884 chus,
267 813 372 875 andito
392 815 590 879 Romanorum
607 816 771 894 legatorum
790 816 944 890 adventu,

150 895 290 955 occurrit.
309 896 451 976 Apameae
465 900 629 976 congressis
644 896 819 978 disceptatio
837 898 944 958 eadem

149 973 244 1033 ferme
258 975 334 1046 luit,
355 996 418 1054 quae
433 974 535 1040 Romae
549 979 625 1036 inter
639 977 796 1058 Quintium
813 991 843 1038 et
855 978 944 1058 lega·

151 1064 196 1114 tos
220 1058 300 1135 tegle
319 1055 424 1116 fueret.

189 1133 246 1196 XI.
263 1136 391 1196 Annibal
407 1155 465 1195 non
482 1135 631 1197 adhibitus
646 1138 677 1197 in
694 1137 853 1201 consiliunt
871 1150 945 1214 est,

149 1226 276 1296 propter
297 1216 443 1295 colloquia
472 1235 539 1276 cum
562 1218 660 1279 Villio
686 1231 839 1298 suspectus
864 1219 947 1298 regi.

150 1297 254 1357 Primo
273 1317 337 1358 earn
356 1298 568 1359 contumeliam
585 1301 690 1359 tacitus
714 1299 784 1359 tulit
805 1322 812 1359 ε
836 1298 946 1367 deinde

150 1376 258 1437 melius
274 1397 340 1438 esse
357 1389 457 1450 ratus,
471 1388 473 1392 ’
487 1390 516 1437 et
547 1381 733 1457 percunctari
755 1400 872 1440 causam
895 1401 946 1439 re-

136 1457 287 1539 pensinae
314 1457 523 1529 alienationis,
546 1469 577 1517 et
601 1479 727 1540 purgare
753 1481 783 1520 se
809 1475 949 1540 tempore

150 1550 248 1620 apin,
275 1540 399 1618 quesiti
431 1538 620 1616 simpliciter¹
637 1540 808 1607 iracundie
827 1541 947 1615 causd,

153 1619 336 1700 auditique,
360 1622 447 1681 Pater
468 1619 616 1690 Amilcar,
638 1624 756 1700 inquit,
781 1621 946 1694 Antioche,

150 1722 269 1784 parvum
284 1705 431 1762 admodum
445 1722 510 1773 me,
527 1703 585 1760 crim
598 1705 785 1777 sacrificaret,
803 1701 948 1761 altaribus

153 1786 297 1842 admotum
317 1783 498 1859 jurajuranda
518 1786 637 1860 adegit,
659 1803 798 1862 nunqnam
821 1783 944 1840 amicum

146 1865 213 1935 sore
231 1859 328 1941 populi
348 1861 477 1921 Romani.
507 1859 565 1919 Sub
580 1862 630 1918 baa
645 1874 819 1921 sacramenta
840 1880 898 1918 sex
912 1867 946 1916 et

152 1942 272 2019 triginta
292 1961 380 2000 annas
404 1936 525 2000 militari
538 1959 551 1996 r
567 1939 618 1998 boe
637 1960 681 1997 me
702 1942 730 1996 in
752 1959 821 2017 pace
844 1935 950 2018 patriti

152 2021 215 2084 mci
233 2019 347 2102 expulit
364 2043 374 2079 .·
389 2021 437 2081 Irae
453 2018 547 2100 patrici
562 2031 689 2079 certarem
702 2022 729 2079 in
741 2030 820 2076 tuam
832 2018 948 2094 regiam

154 2106 299 2163 adduxit:
314 2101 364 2162 boc
376 2106 465 2173 duce,
482 2102 506 2160 si
523 2113 553 2160 tu
568 2123 644 2180 spem
658 2120 750 2159 meam
764 2100 949 2172 destitueris,

154 2181 320 2264 ubicumque
329 2187 411 2255 vires,
424 2181 471 2241 ubi
478 2203 558 2240 arma
572 2203 633 2242 esse
643 2183 746 2252 sciam,
761 2179 812 2238 huc
825 2181 947 2251 reniam,

126 2281 128 2283 ’
155 2275 215 2326 tota
234 2268 299 2323 arbe
318 2276 457 2323 terrarum
472 2279 598 2342 quarens
612 2260 724 2341 aliquas
737 2261 869 2321 Romanis
882 2258 950 2318 Irae-
999 2275 1001 2280 ·

87 2356 90 2361 “
155 2359 211 2407 tes.
231 2342 332 2423 Itaque
349 2346 375 2402 si
388 2340 608 2421 quibustuarutn
619 2345 689 2400 meis
699 2340 862 2400 criminibus
871 2341 947 2417 apud

154 2439 186 2488 te
202 2444 325 2484 crescere
338 2421 429 2493 libet,
447 2419 537 2480 aliam
550 2425 697 2480 materiam
709 2425 849 2488 crescendi
859 2436 944 2500 quam

157 2527 199 2567 ex
217 2526 263 2564 me
277 2496 414 2583 querant.
442 2497 521 2574 Odi,
538 2503 655 2581 odioque
671 2521 732 2560 eum
747 2501 887 2561 Romanis.
909 2493 945 2561 Id

151 2607 203 2652 :me
225 2603 318 2642 veram
345 2584 437 2646 dicere
459 2623 468 2653 ‚
498 2594 582 2659 pater
601 2581 728 2641 Amilcar
748 2595 778 2641 et
798 2585 838 2642 dii
860 2591 949 2638 testes

152 2677 233 2728 *eunt
257 2663 379 2724 Proinde
405 2663 465 2733 cirta
487 2665 523 2722 de
546 2660 768 2722 bellnRomane
787 2659 952 2741 cogitabis,
1009 2654 1014 2663 ¹

158 2750 233 2811 inter
253 2746 358 2826 primos
382 2746 488 2801 amicae
507 2741 674 2802 Annibalem
696 2742 805 2803 habeta.
836 2741 868 2802 Si
887 2761 950 2822 quae

160 2849 205 2890 res
230 2838 259 2889 tc
280 2829 318 2884 ad
346 2843 443 2906 pacem
465 2821 646 2904 compellet,
681 2825 710 2881 in
741 2826 771 2882 id
800 2823 952 2882 eonsilium

160 2909 272 2980 alium,
294 2927 356 2965 curn
377 2925 431 2986 qua
452 2904 606 2978 deliberes,
621 2906 747 2984 'querito-
770 2903 837 2962 Non
852 2900 953 2961 movit

124 3055 132 3059 ,
161 2987 255 3052 modo
276 2984 345 3047 telis
364 2984 462 3044 oratio
480 3003 606 3062 regem,
630 2981 680 3044 sed
702 2982 789 3041 etiem
813 2983 953 3042 reconci-

161 3071 250 3132 liavit
266 3061 418 3130 Annibali.
439 3062 487 3125 Ex
506 3063 632 3125 consilio
648 3063 690 3122 ita
707 3059 870 3123 discessum
886 3072 952 3137 est,

163 3164 198 3213 ut
220 3148 330 3209 bellurn
352 3156 515 3225 gereretur.

206 3228 306 3296 XII..
324 3225 451 3288 Annibal
479 3223 630 3285 Antiocho
654 3222 753 3293 victa,
780 3220 889 3281 veritus
913 3239 955 3305 ne

164 3311 308 3374 Romanis
333 3302 513 3380 dederetur,
536 3303 709 3380 incretam
728 3300 850 3379 lugeret.
877 3298 956 3361 Inde

165 3411 235 3458 curn
247 3402 283 3458 'se
298 3387 418 3481 inuidia
435 3385 586 3474 objectum
604 3385 727 3472 propter
748 3383 854 3448 ninias
876 3397 955 3464 opes
