2016 3780
153 176 445 292 lennsuro
482 215 780 305 xxxvtll„
821 244 844 309 7
884 177 888 185 Ι

62 330 170 406 grando
186 327 329 384 cacumina
352 323 518 404 saltusque,
542 323 591 382 M.
611 321 710 382 Furius
725 324 846 400 recipere

63 407 80 463 ἀ
95 404 189 465 Gallis
203 404 299 464 urbem
312 404 457 476 uoluisset,
470 420 523 485 quo
536 403 580 461 lu'c
589 425 673 461 nouus
686 400 846 476 Camillus,

63 484 143 545 nobis
163 489 284 546 dictator
304 489 400 544 unicus
416 486 444 542 in
465 482 547 560 rebus
567 479 677 558 affectis
689 484 846 563 quesitus,

63 564 179 624 ltaliam
192 565 228 624 ob
241 564 379 624 Annibale
395 579 556 644 recuperare
568 573 678 643 purot;
695 559 847 622 Gallorum

62 645 151 704 Romu
167 657 248 705 esset.
268 643 399 723 Stultitia
415 656 482 713 est,
507 648 626 702 sedendo
645 653 696 701 aut
709 645 781 701 uotis
795 646 846 701 de·

61 722 164 785 belluni
185 728 297 805 credere
320 736 412 805 posse.
445 724 566 783 Armorr'
593 725 687 802 copias
712 734 847 802 oportet,

60 808 237 866 deducendas
257 810 437 887 insequens,
457 815 488 861 ut
509 807 632 863 nircum
651 805 713 879 uiro⁵
729 823 846 880 congre·

58 888 157 944 utaris.
175 887 308 949 Audendo
319 898 406 965 utque
418 889 529 961 egendo
541 905 586 945 res
599 885 723 944 Romanu
739 886 846 957 creuit,

15 1028 17 1033 ,
60 986 113 1023 nou
131 965 174 1025 lu's
202 965 334 1045 segnibus
358 963 482 1024 consiliis
512 1007 522 1037 ‚
557 983 618 1045 quo
646 964 738 1024 timidi
760 976 845 1023 cuuto

60 1055 168 1106 uocant.
534 1071 537 1077 ·

101 1121 155 1184 lX.
173 1123 242 1183 llaec
257 1124 339 1181 velut
354 1120 544 1181 concionanti
564 1122 702 1183 Minucio
717 1122 846 1183 circum·

59 1201 235 1262 fundebatur
260 1204 445 1263 tribunorum
474 1199 664 1282 equitumque
695 1201 847 1261 Romano-

52 1298 126 1341 ‘rum
147 1281 334 1352 multitudo,
366 1294 397 1340 et
415 1281 450 1340 ad
468 1301 552 1341 eures
576 1303 691 1363 quoquc
713 1282 846 1341 militum

61 1360 140 1419 dicta
154 1360 267 1421 ferocia
289 1361 502 1424 volvebantur:
524 1381 557 1423 ac
582 1365 607 1423 si
624 1362 761 1422 militaris
784 1362 846 1422 sul-

54 1439 149 1517 ·fragii
171 1451 338 1513 recesset,
360 1439 440 1499 haud
465 1438 725 1516 subinferemus,
748 1443 846 1503 Minu·

61 1521 142 1580 cium
158 1519 254 1580 Fabio
274 1518 345 1578 duci
362 1519 544 1600 prolaturos.

51 1607 55 1617 '
100 1601 139 1663 X.
157 1598 266 1662 Fabius
280 1600 393 1678 pariter
413 1599 445 1656 in
466 1616 534 1659 suos
553 1598 629 1660 haud
650 1599 845 1679 minusqultm
861 1594 965 1681 ,Fottqs

59 1681 91 1740 in
107 1681 208 1740 hostes
220 1681 374 1753 intentus,
401 1678 461 1755 (8)
474 1679 558 1760 prius
573 1680 608 1739 ab
625 1679 686 1739 illis
701 1682 845 1751 invictum
857 1671 959 1762 {2222}ss

54 1761 190 1820 animum
205 1770 369 1843 prestans,
388 1777 554 1840 quanquam
570 1761 663 1840 probb
681 1761 758 1833 scit,
785 1781 845 1820 non
854 1785 958 1837 perstat.

58 1840 89 1900 in
102 1841 205 1903 castris
218 1838 402 1915 modb'suis',
424 1838 475 1903 secl
494 1842 553 1920 jam
569 1842 662 1902 etiam
678 1840 785 1902 Romae
801 1843 846 1901 in-

54 1919 166 1984 niuem
197 1924 279 2000 suam
303 1921 523 1995 cunctationem
544 1939 608 1982 esse
632 1965 642 1995 ‚
681 1922 845 1984 obstinatus

59 2008 182 2070 tamen,
205 2000 308 2060 eodem
330 2000 523 2065 consiliorum
546 2011 648 2060 tenore
673 2003 780 2060 astatis
796 2021 846 2060 re-

59 2075 175 2156 liquum
191 2080 338 2140 extraxit:
358 2090 392 2138 ut
409 2078 536 2138 Annibal
557 2079 711 2145 destitutus
732 2080 770 2139 ab
791 2099 845 2161 spe
912 2116 915 2122 -

61 2159 248 2238 summopere
275 2158 364 2237 petiti
388 2157 559 2220 certaminis
584 2204 594 2232 ‚
629 2163 686 2238 jann
712 2159 851 2221 hibernis

49 2235 158 2296 locum
184 2237 475 2318 circumspectaret,
515 2239 583 2318 quia
604 2240 677 2320 (9)
703 2261 736 2298 ea
759 2241 845 2318 regio

54 2317 213 2398 'prasentia
228 2328 292 2397 erat
304 2318 426 2401 ‘copiae‚
451 2336 510 2377 non
526 2330 699 2401 perpetuae,
728 2321 846 2380 arbusta

58 2397 234 2479 uncaque,
257 2409 288 2456 ot
303 2394 428 2481 'conata
455 2392 555 2460 omitia
576 2400 673 2479 magis
698 2400 843 2475 amoenis,
880 2400 884 2406 '

45 2476 149 2557 'qullb
164 2476 340 2538 necessariis
355 2478 512 2559 fructibus.
597 2534 600 2539 .
620 2500 623 2504 ’

101 2554 157 2618 Xl.
173 2556 248 2617 llaec
263 2557 531 2698 per'etqlo'ratores
543 2559 635 2619 reluta
646 2557 748 2619 fabio.
767 2559 845 2622 Cum

55 2637 138 2698 'satis
147 2637 238 2696 sciret
252 2656 307 2720 per
316 2658 365 2699 eas
384 2659 431 2698 em
444 2640 614 2718 angustias,
632 2639 742 2719 quibus
756 2641 845 2702 intra-

57 2778 165 2832 denum
179 2778 218 2831 orl
232 2779 344 2833 rutenio.
357 2781 439 2833 Non-.
466 2782 522 2833 tum
528 2786 662 2848 praestaret
670 2782 702 2835 ab
711 2781 841 2846 hostibus,

58 2846 120 2898 dum
155 2846 263 2913 quidem
290 2848 433 2900 scandebat
468 2846 539 2915 priuis
560 2867 667 2902 necesse
692 2864 747 2902 erat
766 2864 842 2912 uteo

56 2913 156 2964 moenia
165 2913 297 2964 Sinuessae
304 2912 431 2967 Annibal:
464 2917 595 2969 invictum
606 2930 739 2985 praestaret
750 2918 764 2969 b
775 2918 840 2969 suis.

58 2979 104 3030 secl
112 2980 222 3031 oratorie
231 2994 369 3051 remauget
380 2984 433 3033 utt-
497 3000 513 3050 9
524 2983 535 3050 (
545 2987 590 3036 Eu
599 2984 681 3055 regio
690 2983 841 3052 proesentis

58 3045 163 3096 nucius.
173 3047 431 3102 Nititurhtecemen-
464 3063 523 3103 erat
538 3051 646 3117 cupite,
664 3070 726 3102 >nou
743 3067 841 3117 perpe-

59 3110 132 3162 tatio
156 3114 311 3166 auctoritate
319 3118 444 3182 -.optimi·
464 3115 541 3184 rum)
554 3117 673 3184 Earegio
684 3118 713 3166 in
723 3131 840 3181 prensens

60 3179 193 3256 codicisw
427 3236 431 3243 ,
465 3184 842 3248 ecstatistornpus,noninto·

94 3245 110 3294 8
125 3245 226 3308 (Perus
235 3245 269 3297 ul)¹
282 3247 343 3301 iltis
354 3250 364 3315 )
377 3251 432 3302 Pri·
456 3254 523 3300 ·tum
535 3267 633 3300 annum
643 3238 841 3300 submlnistrire

60 3324 133 3359 mum
143 3323 275 3364 certamen
285 3317 431 3368 erat.Fsbi0
465 3327 570 3382 poterat
583 3320 584 3324 ’
597 3333 626 3367 ea
641 3332 711 3384 quse
744 3314 842 3367 alendo

60 3391 122 3429 ⁶⁰⁰¹
131 3377 183 3429 ⁸115ss
193 3396 200 3438 i
212 3390 238 3430 et
249 3379 299 3449 qub
308 3398 335 3434 se
343 3383 432 3438 luvic-
466 3384 592 3437 exercitui
600 3384 842 3438 swessona-:eutr
866 3362 927 3528 1

616 3453 685 3524 Ab
