2016 3780
137 100 140 104 Ι
238 157 517 224 Nilne-arro
564 149 654 220 LX.
792 150 833 223 51

55 262 162 324 ritimae
186 257 423 335 terrestrisque,
456 265 519 315 tum
544 254 613 312 verb
634 255 674 321 ita
696 253 840 331 obsequio

80 342 226 421 sincipum
243 350 272 398 ot
287 336 411 396 licentia
425 333 523 414 plebei
538 332 676 396 lascivire
694 376 703 405 ‚
738 343 770 391 ut
783 340 839 393 nec'

55 364 175 481 libidini
188 422 242 479 ne'c
250 414 413 496 sumptibus
421 412 524 488 modus
535 424 622 474 esset.
631 413 675 472 Ad
687 424 846 491 contemp--

56 512 119 559 tum
137 502 254 578 legum,
278 490 522 573 magistratuum,
551 497 688 562 senatus,
711 493 841 552 accessit

56 588 118 643 tu'm
128 625 137 652 ‚
148 576 216 659 post
227 578 410 645 Cannensem
427 573 541 635 cladem
548 592 563 646 ·,
576 586 609 633 ut
623 619 632 645 ,
646 575 728 651 cujus
740 572 843 650 aliqua

55 671 117 720 crat
135 656 331 728 verecundia,
355 653 521 715 Romanum
543 672 659 734 quoque
674 652 845 732 imperium*

56 751 238 818 spernerent.
264 736 296 796 ld
318 735 404 795 morib
418 746 479 794 erat
497 735 528 793 in
542 750 623 793 mora
637 754 673 792 ne
686 729 838 808 extemplo

52 818 234 889 delicerent,
256 813 336 896 qubd
360 816 542 878 connubium
563 827 707 874 vetustum
731 813 844 871 multas

53 899 188 959 familias
196 897 288 958 claras
301 915 335 955 ac
352 906 488 977 potentes
502 894 644 955 Romanis
661 896 836 954 miscuerat:

54 990 84 1037 et
96 979 164 1038 clm
174 978 336 1037 militarent
348 976 462 1058 aliquot
474 973 552 1056 apud
564 974 712 1035 Romanos
726 1019 735 1045 ‚
749 970 839 1030 maxi-

54 1076 135 1118 mum
148 1057 301 1118 vinculum
311 1057 534 1117 eranttrscsnti
550 1058 665 1133 equites
683 1099 691 1127 ‚
712 1052 838 1115 nobilis-

56 1139 148 1217 simus
162 1137 285 1218 quisquc
296 1137 535 1217 Campanorum,
562 1137 593 1194 in
606 1133 744 1217 presidia
758 1132 838 1192 Sicu·
856 1179 859 1186 .

54 1218 148 1278 larum
165 1218 281 1276 urbium
294 1214 402 1277 delecti
419 1218 457 1277 ab
479 1216 616 1275 Romanis
632 1235 666 1274 ac
683 1212 775 1274 missi.

97 1296 150 1358 lX.
170 1298 281 1356 lituum
298 1339 307 1363 ,
332 1307 467 1376 parentes
480 1297 658 1373 cognatique
671 1295 752 1372 aegre
770 1310 838 1372 per·
875 1286 967 1353 &3⁶²5

55 1377 211 1451 uicerunt,
224 1387 256 1447 ut
270 1375 361 1452 legati
377 1374 410 1433 ad
425 1374 575 1434 consulem
587 1374 752 1433 Romanum
763 1373 834 1432 mit·
849 1349 956 1455 ἓξὲξ·

56 1436 264 1526 terentuii‘li‚
284 1453 412 1512 nondum
425 1455 583 1516 Canusium
592 1453 756 1533 proiectum
770 1451 838 1524 ‚aed
849 1469 881 1513 aa
895 1445 965 1519 Coie.

56 1534 201 1597 Venusiae
212 1550 280 1594 cum
292 1535 400 1614 paucis
419 1552 454 1593 ac
468 1533 673 1593 semiermibus
687 1532 839 1592 consulem
851 1524 924 1580 R⁰¹³¹·

54 1613 249 1686 inuenerunt,
267 1614 354 1692 quam
371 1624 485 1692 poterat
497 1615 628 1673 maxime
640 1613 840 1672 miserabilem

55 1694 142 1753 bonis
153 1695 243 1755 sociis
251 1718 260 1767 ;
274 1694 504 1773 superbiamque
518 1692 702 1766 infidelibus,
714 1703 745 1752 ut
757 1703 841 1753 erant

23 1810 26 1815 ·
54 1774 222 1855 Campani,
243 1773 448 1855 spernendum.
464 1775 503 1834 Et
515 1776 597 1833 auxit
609 1792 706 1832 rerum
719 1776 845 1833 suarum*
927 1841 928 1844 Ἴ

54 1855 98 1914 sul
120 1875 156 1913 ue
178 1864 295 1915 contem
319 1865 382 1913 tum
405 1853 532 1926 consul,
558 1855 647 1914 nimis
673 1852 846 1933 detegendo*

54 1875 167 1993 clalem
191 1872 398 2013 nudanloque.
420 1937 495 1995 Nam
516 1933 583 1993 cum
608 1934 729 2012 legati,
760 1933 842 2011 aegrb'

56 2011 134 2070 ferre
146 2023 277 2072 senatum
290 2014 490 2092 populumque
503 2014 703 2093 Campanum,
724 2013 843 2073 aduersi

57 2093 215 2183 quicquam
227 2096 360 2150 evenisse
377 2093 539 2164 Romanis,
556 2093 760 2166 nunciassent,
777 2088 841 2173 pol-¹

57 2168 276 2248 licerenturque
286 2173 461 2249 omniaque
472 2171 506 2230 ad
516 2171 625 2230 bellum
640 2182 823 2251 opusessent
840 2184 844 2199 ·“

56 2251 99 2310 ita
112 2249 534 2329 responditutnihilllomauis
545 2250 709 2324 adcantus,
716 2196 846 2332 aequori

56 2331 231 2413 supplerent
243 2330 359 2409 quidem
373 2374 382 2402 ‚
406 2329 543 2391 relictum
556 2350 641 2403 esse,
664 2335 839 2393 ostenderet.

98 2421 138 2484 X.
156 2420 322 2482 Redeuntas
341 2419 462 2482 domum
479 2423 519 2481 ita
532 2423 704 2483 renunciant
716 2421 841 2502 legatio·

59 2521 149 2573 nem,
175 2503 219 2560 uti
250 2500 378 2560 deletum
400 2503 535 2562 omnibus
561 2503 709 2563 videretur
734 2523 843 2577 nomen

60 2581 238 2642 Romanum.
254 2579 411 2660 Extemplo
425 2582 525 2661 plebes
541 2581 581 2642 ad
593 2582 791 2643 delectionem
805 2584 844 2644 ac'

59 2679 131 2743 pars
146 2662 241 2737 major
262 2662 378 2720 senatus
403 2672 546 2741 spectate.
566 2662 707 2724 Extractu
720 2675 816 2724 tamen
829 2662 861 2737 ,'

60 2740 287 2800 auctoritatibus
308 2741 478 2814 seniorum,
501 2761 555 2821 per
580 2752 689 2823 paucos
709 2743 773 2805 dies
796 2754 843 2804 est

61 2839 108 2893 rea
121 2841 127 2878 :
142 2821 291 2900 postremo
302 2821 374 2880 vicit
390 2822 691 2901 sententiaplurinm‚
708 2836 739 2883 ut
750 2825 843 2883 iidem

62 2896 175 2977 legati,
203 2903 254 2980 qui
272 2899 309 2961 ad
321 2903 474 2962 consulem
486 2903 651 2965 Romanum
668 2905 783 2979 ierant,
808 2901 843 2964 ad

65 2978 238 3040 Annibalem
254 2983 451 3042 mitterentur.

107 3069 163 3131 Xl.
185 3070 289 3150 Legati
305 3093 409 3153 pacem
424 3093 491 3136 cum
510 3095 547 3136 eo
562 3077 609 3153 (b)
626 3073 846 3136 conditionibus

67 3147 202 3209 lecerunt
230 3171 237 3208 :
269 3151 312 3213 Ne
347 3159 410 3235 quis
445 3158 599 3236 imperator
628 3160 847 3235 magistratusue

104 3297 118 3349 5
135 3268 382 3370 (conditionibus)
395 3304 461 3356 Haec
469 3320 522 3357 vox
534 3305 572 3357 sic
582 3302 653 3431 nudg
663 3303 752 3369 posite
761 3303 848 3370 exptl⁴

674 3386 690 3433 2
