2016 3780
135 135 178 204 52
359 132 490 206 ’Ἱίτι
538 132 699 203 L1v11

134 235 280 305 Pauorem
292 236 340 316 jus
355 235 445 296 ullum
458 240 487 297 in
500 240 583 297 civem
598 237 770 318 Campanum
787 236 925 313 liaberet,

135 337 203 378 nere
214 320 281 376 ciris
296 314 456 396 Campanus
470 319 571 380 invitus
595 317 734 377 militaret
751 361 760 390 ‚
790 340 927 378 munuera

129 398 252 471 jaceret.
277 397 315 463 Ut
338 418 394 461 suoe
417 395 517 473 leges,
547 398 592 454 sui
610 402 798 477 magistratus
817 398 925 477 Capuae

136 489 239 537 essent,
266 479 306 537 IJt
320 487 456 538 trecentas
474 496 515 539 ex
534 475 667 537 Romanis
687 480 803 557 captivis
820 478 927 538 Penus

134 559 218 623 duret
247 553 398 632 Campanis
423 597 432 627 ,
458 552 535 636 'quoe
558 558 612 634 ipsi
634 556 787 636 elegissent
810 577 822 630 ;
857 577 925 617 aum

133 634 234 713 quibus
262 636 384 717 equitum
410 633 617 715 Campanorum
645 680 654 706 ‚
690 640 739 717 qui
767 641 796 696 iu
820 635 925 697 Sicilia

86 718 92 733 ¹
134 715 273 792 stipendia
281 717 414 783 facerent
427 758 436 787 ‚
446 718 617 795 permutatio
625 717 720 791 fieret.
734 715 803 776 Haec
815 726 923 794 pacta:

133 791 186 858 illa
198 792 319 872 insuper
336 836 345 865 ‚
369 793 456 873 quim
474 806 635 874 quaepacta
650 805 758 868 erant,
784 794 926 857 facinora

133 871 277 952 Campani
291 872 453 933 ediderunt.
468 872 543 934 Nam
553 872 771 956 (6)·,praefectos
782 875 921 949 sociam,

134 953 276 1032 nivesque
288 952 436 1020 Romanos
449 950 546 1026 alios„
565 956 674 1032 partim
694 954 792 1032 aliquo
806 954 926 1017 militia

135 1050 259 1092 munere
287 1044 478 1113 occupatos,
506 1031 615 1113 partini
638 1034 760 1118 privatis
790 1036 926 1113 negotiis

134 1111 323 1194 implicitos,
353 1112 439 1197 plebs
462 1115 584 1194 repente
604 1133 706 1178 omues
724 1115 925 1196 comprehen-

133 1211 215 1263 sos,
252 1192 332 1257 velut
357 1190 631 1268 custodierant,
666 1194 779 1254 balneis
802 1192 923 1257 includi

132 1273 221 1350 jussit
236 1292 243 1332 ε
258 1271 309 1336 ubi
321 1271 434 1333 fervore
446 1282 533 1352 atque
544 1283 614 1334 aestu
628 1274 727 1338 animi
740 1273 925 1349 interclusi,

133 1350 243 1415 Ioedurn
254 1351 286 1419 in
303 1350 422 1418 modum
435 1353 628 1434 exspirarent.

48 1425 123 1496 >egias
174 1431 245 1500 XII,
262 1432 304 1493 Ea
320 1452 357 1491 ne
373 1429 494 1505 fierent,
511 1453 567 1497 neu
584 1432 694 1516 legatio
703 1433 874 1503 mitteretur
885 1430 924 1495 ad

48 1501 123 1593 {5¹:²4⁵
134 1511 258 1577 Poenum
274 1557 283 1586 ‚
301 1510 413 1578 summi
425 1531 482 1594 ope
497 1513 610 1576 Decius
620 1512 736 1597 Magius
746 1559 755 1588 ‚
767 1512 811 1573 vi'r
824 1514 875 1573 cui
886 1512 926 1579 ed

70 1605 278 1661 Pte-summam
302 1593 507 1656 auctoritatem
527 1591 603 1659 nihil
626 1605 731 1675 praeter
757 1613 855 1657 sanam
875 1593 926 1652 ci·

48 1695 56 1714 ·
132 1674 214 1740 vium
228 1685 356 1739 mentem
379 1671 501 1747 defuit,
529 1673 688 1737 restiterat.
707 1674 745 1737 IIt
758 1675 827 1732 verb
849 1692 927 1753 prae.

132 1754 242 1819 sidium
259 1755 338 1813 mitti
366 1751 403 1814 ab
424 1752 570 1818 Annibale
589 1750 725 1823 audivit,
746 1754 793 1835 (7)
813 1751 925 1834 Pyrrhi

133 1831 293 1912 superbam
304 1831 559 1903 dominationem,
590 1830 850 1909 miserabiIemque
861 1832 925 1896 Ta·

133 1911 319 1981 rentinorurn
344 1911 518 1977 servitutem
543 1953 553 1983 ‚
589 1911 727 1991 exempla
758 1912 923 1985 referem,

132 1992 256 2072 primo,
276 2011 312 2057 ne
328 1991 509 2068 reciperetur
519 1989 707 2070 presidium,
732 1991 829 2072 palam
841 1993 926 2053 voci.

135 2070 246 2142 {eratus
259 2085 323 2135 est:
338 2069 464 2144 deiude,
478 2080 510 2130 ut
522 2081 674 2150 receptum
689 2074 925 2151 autejiceretur,
954 2134 962 2143 ,

134 2164 208 2227 eut,
232 2153 259 2214 si
281 2153 390 2214 malum
410 2151 546 2224 facinus,
567 2149 681 2230 qubdlt
708 2152 925 2214 vetustissimis

134 2235 227 2295 sociis
255 2233 538 2316 consanguineisque
565 2230 767 2306 defecissent,
792 2231 859 2307 sorti
882 2253 924 2296 ac

134 2313 320 2380 memorabili
331 2313 459 2374 Iaciuore
472 2330 599 2391 purgare
611 2311 740 2385 vellent,
761 2323 808 2380 ut,
821 2311 921 2370 inter.

133 2392 214 2454 {ecto
224 2392 335 2455 Punico
347 2389 483 2472 presitlio
495 2433 504 2464 ‚
520 2391 708 2451 restituerent
719 2411 750 2452 se
763 2388 916 2452 Romanis.

174 2471 261 2534 XIII.
279 2471 346 2530 Haec
367 2476 379 2549 (
395 2490 487 2549 neque
506 2470 585 2528 enim
597 2471 713 2531 occulte
725 2467 885 2551 agebantur
901 2471 919 2544 )

134 2550 306 2618 cbmrelata
317 2550 453 2619 Annibali
468 2561 590 2623 essent,
616 2551 712 2633 primo
730 2549 809 2618 misit
829 2591 838 2621 ‚
865 2549 922 2629 qui

134 2692 185 2744 snit
209 2689 389 2741 rusurensis
410 2689 509 2756 tegibus
542 2689 643 2741 tribuni
667 2690 781 2739 militum
803 2720 811 2746 ,
841 2687 924 2743 cives

134 2753 253 2814 facturn,
272 2771 328 2811 non
346 2755 381 2804 ita
397 2769 426 2805 ut
437 2756 467 2806 hi
482 2774 509 2807 se
543 2757 679 2808 Romanos
692 2754 779 2802 fnisse.

135 2819 498 2891 permittantittiusarbinio‚
576 2838 590 2886 7
614 2823 624 2886 (
645 2813 753 2894 Pyrrhi
771 2816 921 2881 sapentiam

169 2886 187 2936 6
199 2880 374 2950 (Praefectos
385 2886 506 2950 socirim,
542 2885 753 2943 dominationem
768 2883 777 2946 )
801 2883 920 2948 Pyrrhus

135 2949 266 3022 ct'vesque
279 2951 507 3018 Romanosals'os)
542 2950 558 2999 ὲ
579 2946 730 3001 'I'a'reutinis
754 2949 857 3015 accitus
886 2954 920 3008 in

136 3014 208 3070 Hinc
223 3028 295 3084 patet
310 3012 447 3081 praefectos
465 3032 509 3065 so·
531 3015 646 3064 Italiam
669 3049 675 3074 ‚
702 3013 808 3067 illorum
830 3018 919 3070 licen.

135 3083 282 3152 cisim3qul
293 3078 424 3135 insectati
435 3097 509 3131 arer-
541 3080 617 3135 riam'
646 3079 736 3132 severi
773 3085 918 3150 disciplinfl

136 3152 191 3217 pitu
207 3151 331 3202 eumdum
350 3147 459 3202 hunone
476 3163 507 3201 ac
542 3148 661 3200 coercuit
675 3185 681 3208 ,
693 3162 770 3218 atque
781 3153 860 3203 etiam
870 3154 917 3206 do,

157 3218 275 3275 otestatis
304 3215 409 3286 gradum
436 3228 509 3267 tene·
541 3217 644 3266 minum
664 3217 751 3280 potilre
770 3217 849 3291 quim
871 3235 914 3275 su.

136 3237 225 3351 lunt,
252 3300 330 3364 quenl
353 3282 383 3341 ts
405 3281 508 3357 legione
542 3283 614 3342 tium
638 3284 697 3357 egit.
798 3292 801 3297 ·
