<?xml version="1.0" encoding="UTF-8"?>
<!DOCTYPE html PUBLIC "-//W3C//DTD XHTML 1.0 Transitional//EN"
    "http://www.w3.org/TR/xhtml1/DTD/xhtml1-transitional.dtd">
<html xmlns="http://www.w3.org/1999/xhtml" xml:lang="en" lang="en">
 <head>
  <title>
</title>
<meta http-equiv="Content-Type" content="text/html;charset=utf-8" />
  <meta name='ocr-system' content='tesseract 3.04.00' />
  <meta name='ocr-capabilities' content='ocr_page ocr_carea ocr_par ocr_line ocrx_word'/>
</head>
<body>
  <div class='ocr_page' id='page_1' title='image "./selectaetitoliv00livygoog_0267.png"; bbox 0 0 2016 3780; ppageno 0'>
   <div class='ocr_carea' id='block_1_1' title="bbox 167 121 725 202">
    <p class='ocr_par' dir='ltr' id='par_1_1' title="bbox 167 121 725 202">
     <span class='ocr_line' id='line_1_1' title="bbox 167 121 725 202; baseline -0.023 -1"><span class='ocrx_word' id='word_1_1' title='bbox 167 137 220 202; x_wconf 52' lang='lat'>281</span> <span class='ocrx_word' id='word_1_2' title='bbox 392 123 519 193; x_wconf 78' lang='lat' dir='ltr'>Tm</span> <span class='ocrx_word' id='word_1_3' title='bbox 565 121 725 190; x_wconf 66' lang='lat' dir='ltr'>L‘tvu</span> 
     </span>
    </p>
   </div>
   <div class='ocr_carea' id='block_1_2' title="bbox 64 215 990 3302">
    <p class='ocr_par' dir='ltr' id='par_1_2' title="bbox 64 215 967 1330">
     <span class='ocr_line' id='line_1_2' title="bbox 208 215 961 309; baseline -0.004 -20"><span class='ocrx_word' id='word_1_4' title='bbox 208 230 277 295; x_wconf 85' lang='lat' dir='ltr'>XV.</span> <span class='ocrx_word' id='word_1_5' title='bbox 298 229 372 309; x_wconf 79' lang='lat' dir='ltr'>Quae</span> <span class='ocrx_word' id='word_1_6' title='bbox 383 225 417 286; x_wconf 84' lang='lat' dir='ltr'>ad</span> <span class='ocrx_word' id='word_1_7' title='bbox 428 225 615 285; x_wconf 83' lang='lat' dir='ltr'>deterrendos</span> <span class='ocrx_word' id='word_1_8' title='bbox 630 221 825 302; x_wconf 73' lang='lat' dir='ltr'>icupiditete</span> <span class='ocrx_word' id='word_1_9' title='bbox 837 215 961 293; x_wconf 74' lang='lat' dir='ltr'>animos</span> 
     </span>
     <span class='ocr_line' id='line_1_3' title="bbox 168 304 961 380; baseline -0.006 -8"><span class='ocrx_word' id='word_1_10' title='bbox 168 312 308 372; x_wconf 86' lang='lat' dir='ltr'>nunciata</span> <span class='ocrx_word' id='word_1_11' title='bbox 330 319 436 380; x_wconf 87' lang='lat' dir='ltr'>erant,</span> <span class='ocrx_word' id='word_1_12' title='bbox 467 322 501 365; x_wconf 79' lang='lat' dir='ltr'>ea</span> <span class='ocrx_word' id='word_1_13' title='bbox 525 304 740 376; x_wconf 75' lang='lat' dir='ltr'>accenderunt3</span> <span class='ocrx_word' id='word_1_14' title='bbox 766 313 796 361; x_wconf 91' lang='lat' dir='ltr'>et</span> <span class='ocrx_word' id='word_1_15' title='bbox 819 305 961 367; x_wconf 81' lang='lat' dir='ltr'>clamore</span> 
     </span>
     <span class='ocr_line' id='line_1_4' title="bbox 91 383 961 463; baseline -0.003 -13"><span class='ocrx_word' id='word_1_16' title='bbox 91 402 95 408; x_wconf 85' lang='lat'>&#39;</span> <span class='ocrx_word' id='word_1_17' title='bbox 169 390 260 450; x_wconf 74' lang='lat' dir='ltr'>ortoa</span> <span class='ocrx_word' id='word_1_18' title='bbox 274 387 438 460; x_wconf 75' lang='lat' dir='ltr'><strong>militibus,</strong></span> <span class='ocrx_word' id='word_1_19' title='bbox 455 387 485 444; x_wconf 91' lang='lat' dir='ltr'>ni</span> <span class='ocrx_word' id='word_1_20' title='bbox 498 387 612 463; x_wconf 84' lang='lat' dir='ltr'>signum</span> <span class='ocrx_word' id='word_1_21' title='bbox 630 385 731 454; x_wconf 83' lang='lat' dir='ltr'>detur,</span> <span class='ocrx_word' id='word_1_22' title='bbox 749 385 813 443; x_wconf 86' lang='lat' dir='ltr'>sine</span> <span class='ocrx_word' id='word_1_23' title='bbox 829 383 961 447; x_wconf 69' lang='lat' dir='ltr'>ducibui</span> 
     </span>
     <span class='ocr_line' id='line_1_5' title="bbox 167 463 961 547; baseline -0.008 -17"><span class='ocrx_word' id='word_1_24' title='bbox 167 472 262 530; x_wconf 87' lang='lat' dir='ltr'>ituros</span> <span class='ocrx_word' id='word_1_25' title='bbox 278 514 287 542; x_wconf 97' lang='lat'><strong><em>,</em></strong></span> <span class='ocrx_word' id='word_1_26' title='bbox 314 468 535 547; x_wconf 78' lang='lat' dir='ltr'>haudquaquam</span> <span class='ocrx_word' id='word_1_27' title='bbox 551 465 611 525; x_wconf 87' lang='lat' dir='ltr'>dux</span> <span class='ocrx_word' id='word_1_28' title='bbox 626 463 727 524; x_wconf 88' lang='lat' dir='ltr'>deluit.</span> <span class='ocrx_word' id='word_1_29' title='bbox 751 465 827 525; x_wconf 87' lang='lat' dir='ltr'>Nam</span> <span class='ocrx_word' id='word_1_30' title='bbox 837 476 961 525; x_wconf 85' lang='lat' dir='ltr'>extem-</span> 
     </span>
     <span class='ocr_line' id='line_1_6' title="bbox 167 543 967 631; baseline -0.004 -23"><span class='ocrx_word' id='word_1_31' title='bbox 167 551 220 631; x_wconf 79' lang='lat' dir='ltr'>plo</span> <span class='ocrx_word' id='word_1_32' title='bbox 237 552 331 611; x_wconf 86' lang='lat' dir='ltr'>Varro</span> <span class='ocrx_word' id='word_1_33' title='bbox 347 550 463 627; x_wconf 86' lang='lat' dir='ltr'>signum</span> <span class='ocrx_word' id='word_1_34' title='bbox 479 545 556 606; x_wconf 82' lang='lat' dir='ltr'><strong>dedit</strong></span> <span class='ocrx_word' id='word_1_35' title='bbox 573 543 792 624; x_wconf 76' lang='lat' dir='ltr'>proficiscendi.</span> <span class='ocrx_word' id='word_1_36' title='bbox 806 544 967 609; x_wconf 67' lang='lat' dir='ltr'>Forte-itu</span> 
     </span>
     <span class='ocr_line' id='line_1_7' title="bbox 166 624 961 708; baseline 0 -21"><span class='ocrx_word' id='word_1_37' title='bbox 166 631 285 700; x_wconf 83' lang='lat' dir='ltr'>evenit,</span> <span class='ocrx_word' id='word_1_38' title='bbox 300 640 332 688; x_wconf 89' lang='lat' dir='ltr'>ut</span> <span class='ocrx_word' id='word_1_39' title='bbox 345 628 421 688; x_wconf 84' lang='lat' dir='ltr'>servi</span> <span class='ocrx_word' id='word_1_40' title='bbox 437 624 520 701; x_wconf 89' lang='lat' dir='ltr'>duo,</span> <span class='ocrx_word' id='word_1_41' title='bbox 537 628 587 706; x_wconf 92' lang='lat' dir='ltr'>qui</span> <span class='ocrx_word' id='word_1_42' title='bbox 599 645 675 685; x_wconf 87' lang='lat' dir='ltr'>anno</span> <span class='ocrx_word' id='word_1_43' title='bbox 684 625 961 708; x_wconf 85' lang='lat' dir='ltr'>proximoexeepti</span> 
     </span>
     <span class='ocr_line' id='line_1_8' title="bbox 169 704 961 787; baseline 0 -19"><span class='ocrx_word' id='word_1_44' title='bbox 169 708 194 768; x_wconf 74' lang='lat' dir='ltr'>b·</span> <span class='ocrx_word' id='word_1_45' title='bbox 210 709 348 770; x_wconf 85' lang='lat' dir='ltr'>Numidis</span> <span class='ocrx_word' id='word_1_46' title='bbox 373 708 517 781; x_wconf 87' lang='lat' dir='ltr'>fuerant,</span> <span class='ocrx_word' id='word_1_47' title='bbox 558 706 751 787; x_wconf 81' lang='lat' dir='ltr'>profugerent</span> <span class='ocrx_word' id='word_1_48' title='bbox 777 724 814 764; x_wconf 91' lang='lat' dir='ltr'>eo</span> <span class='ocrx_word' id='word_1_49' title='bbox 838 704 890 764; x_wconf 88' lang='lat' dir='ltr'>die</span> <span class='ocrx_word' id='word_1_50' title='bbox 921 708 961 770; x_wconf 87' lang='lat' dir='ltr'>ed</span> 
     </span>
     <span class='ocr_line' id='line_1_9' title="bbox 169 786 960 867; baseline -0.001 -19"><span class='ocrx_word' id='word_1_51' title='bbox 169 789 304 849; x_wconf 84' lang='lat' dir='ltr'>dominos</span> <span class='ocrx_word' id='word_1_52' title='bbox 326 810 333 847; x_wconf 90' lang='lat'><strong>:</strong></span> <span class='ocrx_word' id='word_1_53' title='bbox 356 790 408 867; x_wconf 90' lang='lat' dir='ltr'>qui</span> <span class='ocrx_word' id='word_1_54' title='bbox 432 786 553 846; x_wconf 88' lang='lat' dir='ltr'>deducti</span> <span class='ocrx_word' id='word_1_55' title='bbox 572 787 607 846; x_wconf 88' lang='lat' dir='ltr'>ad</span> <span class='ocrx_word' id='word_1_56' title='bbox 629 786 767 845; x_wconf 83' lang='lat' dir='ltr'>consules</span> <span class='ocrx_word' id='word_1_57' title='bbox 785 789 960 862; x_wconf 79' lang='lat' dir='ltr'>nunciant,</span> 
     </span>
     <span class='ocr_line' id='line_1_10' title="bbox 167 867 959 946; baseline 0.003 -18"><span class='ocrx_word' id='word_1_58' title='bbox 167 889 288 928; x_wconf 88' lang='lat' dir='ltr'>omnem</span> <span class='ocrx_word' id='word_1_59' title='bbox 316 869 480 929; x_wconf 84' lang='lat' dir='ltr'>exercitum</span> <span class='ocrx_word' id='word_1_60' title='bbox 509 867 662 927; x_wconf 78' lang='lat' dir='ltr'>Annibalis</span> <span class='ocrx_word' id='word_1_61' title='bbox 690 877 771 926; x_wconf 78' lang='lat' dir='ltr'>trans</span> <span class='ocrx_word' id='word_1_62' title='bbox 797 869 959 946; x_wconf 73' lang='lat' dir='ltr'>proximos</span> 
     </span>
     <span class='ocr_line' id='line_1_11' title="bbox 168 945 958 1027; baseline -0.003 -18"><span class='ocrx_word' id='word_1_63' title='bbox 168 961 285 1009; x_wconf 83' lang='lat' dir='ltr'>montes</span> <span class='ocrx_word' id='word_1_64' title='bbox 301 949 404 1009; x_wconf 85' lang='lat' dir='ltr'>sedere</span> <span class='ocrx_word' id='word_1_65' title='bbox 428 949 460 1006; x_wconf 88' lang='lat' dir='ltr'>in</span> <span class='ocrx_word' id='word_1_66' title='bbox 483 945 612 1025; x_wconf 84' lang='lat' dir='ltr'>insidiis.</span> <span class='ocrx_word' id='word_1_67' title='bbox 638 949 751 1027; x_wconf 83' lang='lat' dir='ltr'>Horum</span> <span class='ocrx_word' id='word_1_68' title='bbox 768 952 958 1026; x_wconf 81' lang='lat' dir='ltr'>opportunus</span> 
     </span>
     <span class='ocr_line' id='line_1_12' title="bbox 168 1026 954 1108; baseline -0.004 -18"><span class='ocrx_word' id='word_1_69' title='bbox 168 1030 310 1090; x_wconf 84' lang='lat' dir='ltr'>adrentus</span> <span class='ocrx_word' id='word_1_70' title='bbox 328 1031 395 1108; x_wconf 84' lang='lat' dir='ltr'>(to)</span> <span class='ocrx_word' id='word_1_71' title='bbox 416 1027 555 1089; x_wconf 84' lang='lat' dir='ltr'>consules¹</span> <span class='ocrx_word' id='word_1_72' title='bbox 566 1028 688 1108; x_wconf 89' lang='lat' dir='ltr'>imperii</span> <span class='ocrx_word' id='word_1_73' title='bbox 703 1033 841 1107; x_wconf 80' lang='lat' dir='ltr'>potentes</span> <span class='ocrx_word' id='word_1_74' title='bbox 854 1026 930 1087; x_wconf 79' lang='lat' dir='ltr'>lecit</span> <span class='ocrx_word' id='word_1_75' title='bbox 948 1034 954 1053; x_wconf 91' lang='lat'><em>‘</em></span> 
     </span>
     <span class='ocr_line' id='line_1_13' title="bbox 171 1070 957 1189; baseline -0.003 -18"><span class='ocrx_word' id='word_1_76' title='bbox 171 1113 239 1180; x_wconf 79' lang='lat' dir='ltr'>crim</span> <span class='ocrx_word' id='word_1_77' title='bbox 258 1114 325 1188; x_wconf 92' lang='grc' dir='ltr'>(ιι)</span> <span class='ocrx_word' id='word_1_78' title='bbox 345 1109 469 1170; x_wconf 89' lang='lat' dir='ltr'>ambitio</span> <span class='ocrx_word' id='word_1_79' title='bbox 482 1107 602 1184; x_wconf 87' lang='lat' dir='ltr'>alterius</span> <span class='ocrx_word' id='word_1_80' title='bbox 618 1100 699 1167; x_wconf 85' lang='lat' dir='ltr'>sua&#39;rn</span> <span class='ocrx_word' id='word_1_81' title='bbox 711 1107 851 1189; x_wconf 81' lang='lat' dir='ltr'>primdm</span> <span class='ocrx_word' id='word_1_82' title='bbox 875 1070 957 1189; x_wconf 86' lang='lat' dir='ltr'>apud</span> 
     </span>
     <span class='ocr_line' id='line_1_14' title="bbox 64 1187 947 1328; baseline -0.002 -77"><span class='ocrx_word' id='word_1_83' title='bbox 64 1247 146 1296; x_wconf 70' lang='lat' dir='ltr'>tuniba</span> <span class='ocrx_word' id='word_1_84' title='bbox 170 1211 223 1251; x_wconf 89' lang='lat' dir='ltr'>eos</span> <span class='ocrx_word' id='word_1_85' title='bbox 241 1191 329 1268; x_wconf 75' lang='lat' dir='ltr'>pravi</span> <span class='ocrx_word' id='word_1_86' title='bbox 347 1188 528 1328; x_wconf 63' lang='lat' dir='ltr'>indqlglentid</span> <span class='ocrx_word' id='word_1_87' title='bbox 540 1191 721 1280; x_wconf 79' lang='lat' dir='ltr'>majestatem</span> <span class='ocrx_word' id='word_1_88' title='bbox 738 1187 892 1326; x_wconf 59' lang='lat' dir='ltr'>solrleqletr</span> <span class='ocrx_word' id='word_1_89' title='bbox 941 1252 947 1265; x_wconf 63' lang='grc'>,</span> 
     </span>
     <span class='ocr_line' id='line_1_15' title="bbox 108 1288 778 1330; baseline -0.003 -1"><span class='ocrx_word' id='word_1_90' title='bbox 108 1310 113 1318; x_wconf 84' lang='lat'><strong>·</strong></span> <span class='ocrx_word' id='word_1_91' title='bbox 288 1315 295 1330; x_wconf 94' lang='lat'><strong>.</strong></span> <span class='ocrx_word' id='word_1_92' title='bbox 349 1291 435 1328; x_wconf 81' lang='lat' dir='ltr'>nra</span> <span class='ocrx_word' id='word_1_93' title='bbox 504 1288 515 1327; x_wconf 86' lang='grc' dir='ltr'>ι</span> <span class='ocrx_word' id='word_1_94' title='bbox 585 1288 672 1327; x_wconf 89' lang='lat' dir='ltr'>neur</span> <span class='ocrx_word' id='word_1_95' title='bbox 713 1288 778 1327; x_wconf 90' lang='lat' dir='ltr'>uam</span> 
     </span>
    </p>

    <p class='ocr_par' dir='ltr' id='par_1_3' title="bbox 64 1270 990 2319">
     <span class='ocr_line' id='line_1_16' title="bbox 64 1270 990 1430; baseline -0.003 -16"><span class='ocrx_word' id='word_1_96' title='bbox 64 1326 87 1414; x_wconf 68' lang='lat' dir='ltr'>la</span> <span class='ocrx_word' id='word_1_97' title='bbox 105 1271 291 1423; x_wconf 51' lang='lat' dir='ltr'>1l&#39;e‘l&#39;lraldllel,</span> <span class='ocrx_word' id='word_1_98' title='bbox 311 1273 344 1408; x_wconf 66' lang='lat' dir='ltr'>id</span> <span class='ocrx_word' id='word_1_99' title='bbox 354 1291 446 1413; x_wconf 60' lang='lat' dir='ltr'>elstra</span> <span class='ocrx_word' id='word_1_100' title='bbox 458 1271 563 1410; x_wconf 51' lang='lat' dir='ltr'>rddiilt.)</span> <span class='ocrx_word' id='word_1_101' title='bbox 572 1288 735 1428; x_wconf 63' lang='lat' dir='ltr'>lbiqplrllles</span> <span class='ocrx_word' id='word_1_102' title='bbox 748 1313 812 1410; x_wconf 64' lang='lat' dir='ltr'>di&#39;e’s</span> <span class='ocrx_word' id='word_1_103' title='bbox 826 1270 958 1430; x_wconf 63' lang='lat' dir='ltr'>pllqlldl</span> <span class='ocrx_word' id='word_1_104' title='bbox 987 1341 990 1345; x_wconf 58' lang='grc'><strong>’</strong></span> 
     </span>
     <span class='ocr_line' id='line_1_17' title="bbox 64 1426 958 1513; baseline -0.003 -20"><span class='ocrx_word' id='word_1_105' title='bbox 64 1426 130 1474; x_wconf 63' lang='lat'>&#39;²²5‘·</span> <span class='ocrx_word' id='word_1_106' title='bbox 170 1431 304 1513; x_wconf 84' lang='lat' dir='ltr'>inopiam</span> <span class='ocrx_word' id='word_1_107' title='bbox 329 1431 468 1491; x_wconf 78' lang='lat' dir='ltr'>frumenti</span> <span class='ocrx_word' id='word_1_108' title='bbox 485 1449 602 1491; x_wconf 82' lang='lat' dir='ltr'>munere</span> <span class='ocrx_word' id='word_1_109' title='bbox 627 1428 790 1508; x_wconf 83' lang='lat' dir='ltr'>nequibat,</span> <span class='ocrx_word' id='word_1_110' title='bbox 820 1449 958 1510; x_wconf 82' lang='lat' dir='ltr'>noveque</span> 
     </span>
     <span class='ocr_line' id='line_1_18' title="bbox 64 1501 958 1592; baseline -0.003 -18"><span class='ocrx_word' id='word_1_111' title='bbox 64 1501 94 1540; x_wconf 76' lang='lat'>&#39;⁸&#39;</span> <span class='ocrx_word' id='word_1_112' title='bbox 171 1511 296 1574; x_wconf 83' lang='lat' dir='ltr'>consilia</span> <span class='ocrx_word' id='word_1_113' title='bbox 309 1512 340 1570; x_wconf 91' lang='lat' dir='ltr'>in</span> <span class='ocrx_word' id='word_1_114' title='bbox 352 1511 415 1571; x_wconf 87' lang='lat' dir='ltr'>dies</span> <span class='ocrx_word' id='word_1_115' title='bbox 430 1556 439 1582; x_wconf 91' lang='lat'>‚</span> <span class='ocrx_word' id='word_1_116' title='bbox 460 1531 517 1570; x_wconf 93' lang='lat' dir='ltr'>non</span> <span class='ocrx_word' id='word_1_117' title='bbox 534 1509 609 1592; x_wconf 86' lang='lat' dir='ltr'>apud</span> <span class='ocrx_word' id='word_1_118' title='bbox 623 1511 736 1569; x_wconf 82' lang='lat' dir='ltr'>milites</span> <span class='ocrx_word' id='word_1_119' title='bbox 748 1509 863 1591; x_wconf 72' lang='lat' dir='ltr'>solum,</span> <span class='ocrx_word' id='word_1_120' title='bbox 880 1515 958 1571; x_wconf 86' lang='lat' dir='ltr'>mis·</span> 
     </span>
     <span class='ocr_line' id='line_1_19' title="bbox 171 1589 957 1668; baseline -0.001 -15"><span class='ocrx_word' id='word_1_121' title='bbox 171 1605 218 1654; x_wconf 88' lang='lat' dir='ltr'>tos</span> <span class='ocrx_word' id='word_1_122' title='bbox 230 1614 266 1652; x_wconf 80' lang='lat' dir='ltr'>ex</span> <span class='ocrx_word' id='word_1_123' title='bbox 282 1592 447 1654; x_wconf 83' lang='lat' dir='ltr'>colluvione</span> <span class='ocrx_word' id='word_1_124' title='bbox 463 1593 594 1651; x_wconf 88' lang='lat' dir='ltr'>omniurn</span> <span class='ocrx_word' id='word_1_125' title='bbox 609 1593 742 1668; x_wconf 82' lang='lat' dir='ltr'>gentium</span> <span class='ocrx_word' id='word_1_126' title='bbox 759 1634 768 1664; x_wconf 92' lang='lat'>‚</span> <span class='ocrx_word' id='word_1_127' title='bbox 792 1589 841 1650; x_wconf 85' lang='lat' dir='ltr'>sed</span> <span class='ocrx_word' id='word_1_128' title='bbox 861 1592 957 1652; x_wconf 86' lang='lat' dir='ltr'>etiam</span> 
     </span>
     <span class='ocr_line' id='line_1_20' title="bbox 172 1671 957 1755; baseline -0.004 -21"><span class='ocrx_word' id='word_1_129' title='bbox 172 1673 251 1755; x_wconf 86' lang='lat' dir='ltr'>apud</span> <span class='ocrx_word' id='word_1_130' title='bbox 263 1675 358 1754; x_wconf 88' lang='lat' dir='ltr'>ipsum</span> <span class='ocrx_word' id='word_1_131' title='bbox 372 1672 481 1733; x_wconf 90' lang='lat' dir='ltr'>ducem</span> <span class='ocrx_word' id='word_1_132' title='bbox 494 1672 673 1731; x_wconf 84' lang='lat' dir='ltr'>oriebantur.</span> <span class='ocrx_word' id='word_1_133' title='bbox 694 1672 771 1731; x_wconf 86' lang='lat' dir='ltr'>Nam</span> <span class='ocrx_word' id='word_1_134' title='bbox 783 1671 850 1731; x_wconf 84' lang='lat' dir='ltr'>edm</span> <span class='ocrx_word' id='word_1_135' title='bbox 863 1673 957 1733; x_wconf 88' lang='lat' dir='ltr'>initio</span> 
     </span>
     <span class='ocr_line' id='line_1_21' title="bbox 172 1746 955 1830; baseline -0.001 -16"><span class='ocrx_word' id='word_1_136' title='bbox 172 1754 328 1824; x_wconf 76' lang='lat' dir='ltr'>fremitus,</span> <span class='ocrx_word' id='word_1_137' title='bbox 358 1753 463 1811; x_wconf 88' lang='lat' dir='ltr'>deinde</span> <span class='ocrx_word' id='word_1_138' title='bbox 480 1763 580 1830; x_wconf 85' lang='lat' dir='ltr'>aperta</span> <span class='ocrx_word' id='word_1_139' title='bbox 596 1746 770 1811; x_wconf 75' lang='lat' dir='ltr'>vociferatio</span> <span class='ocrx_word' id='word_1_140' title='bbox 783 1749 884 1811; x_wconf 78' lang='lat' dir='ltr'>luisset</span> <span class='ocrx_word' id='word_1_141' title='bbox 895 1774 955 1813; x_wconf 85' lang='lat' dir='ltr'>ex·</span> 
     </span>
     <span class='ocr_line' id='line_1_22' title="bbox 174 1831 953 1914; baseline 0 -23"><span class='ocrx_word' id='word_1_142' title='bbox 174 1832 362 1914; x_wconf 85' lang='lat' dir='ltr'>poscentium</span> <span class='ocrx_word' id='word_1_143' title='bbox 378 1832 555 1912; x_wconf 82' lang='lat' dir='ltr'>stipendium</span> <span class='ocrx_word' id='word_1_144' title='bbox 571 1831 702 1889; x_wconf 86' lang='lat' dir='ltr'>debiturn</span> <span class='ocrx_word' id='word_1_145' title='bbox 718 1877 728 1902; x_wconf 95' lang='lat'>,</span> <span class='ocrx_word' id='word_1_146' title='bbox 750 1834 953 1912; x_wconf 86' lang='lat' dir='ltr'>querentium-</span> 
     </span>
     <span class='ocr_line' id='line_1_23' title="bbox 174 1910 951 1993; baseline -0.001 -21"><span class='ocrx_word' id='word_1_147' title='bbox 174 1932 233 1992; x_wconf 91' lang='lat' dir='ltr'>que</span> <span class='ocrx_word' id='word_1_148' title='bbox 256 1931 397 1972; x_wconf 86' lang='lat' dir='ltr'>annonam</span> <span class='ocrx_word' id='word_1_149' title='bbox 448 1911 556 1982; x_wconf 84' lang='lat' dir='ltr'>rimd‚</span> <span class='ocrx_word' id='word_1_150' title='bbox 592 1915 741 1990; x_wconf 80' lang='lat' dir='ltr'>postremo</span> <span class='ocrx_word' id='word_1_151' title='bbox 765 1910 889 1993; x_wconf 62' lang='lat' dir='ltr'>lamemq</span> <span class='ocrx_word' id='word_1_152' title='bbox 916 1921 951 1971; x_wconf 86' lang='lat' dir='ltr'>et</span> 
     </span>
     <span class='ocr_line' id='line_1_24' title="bbox 173 1932 951 2073; baseline -0.004 -20"><span class='ocrx_word' id='word_1_153' title='bbox 173 1994 370 2054; x_wconf 85' lang='lat' dir='ltr'>mercenarios</span> <span class='ocrx_word' id='word_1_154' title='bbox 383 1932 516 2063; x_wconf 85' lang='lat' dir='ltr'>milltes,</span> <span class='ocrx_word' id='word_1_155' title='bbox 531 1994 659 2052; x_wconf 71' lang='lat' dir='ltr'>maxime</span> <span class='ocrx_word' id='word_1_156' title='bbox 672 1993 795 2073; x_wconf 83' lang='lat' dir='ltr'>Hispani</span> <span class='ocrx_word' id='word_1_157' title='bbox 808 1993 924 2072; x_wconf 71' lang='lat' dir='ltr'>generis</span> <span class='ocrx_word' id='word_1_158' title='bbox 940 2037 951 2069; x_wconf 82' lang='lat'>‚</span> 
     </span>
     <span class='ocr_line' id='line_1_25' title="bbox 147 2071 957 2154; baseline -0.001 -21"><span class='ocrx_word' id='word_1_159' title='bbox 147 2136 150 2141; x_wconf 74' lang='grc'>,</span> <span class='ocrx_word' id='word_1_160' title='bbox 173 2072 213 2133; x_wconf 89' lang='lat' dir='ltr'>de</span> <span class='ocrx_word' id='word_1_161' title='bbox 242 2074 416 2137; x_wconf 82' lang='lat' dir='ltr'>transitione</span> <span class='ocrx_word' id='word_1_162' title='bbox 436 2075 549 2154; x_wconf 83' lang='lat' dir='ltr'>cepisse</span> <span class='ocrx_word' id='word_1_163' title='bbox 575 2071 733 2134; x_wconf 87' lang='lat' dir='ltr'>consilium</span> <span class='ocrx_word' id='word_1_164' title='bbox 753 2073 828 2142; x_wconf 85' lang='lat' dir='ltr'>lama</span> <span class='ocrx_word' id='word_1_165' title='bbox 849 2085 957 2148; x_wconf 78' lang='lat' dir='ltr'>esset,</span> 
     </span>
     <span class='ocr_line' id='line_1_26' title="bbox 172 2152 958 2234; baseline 0.004 -22"><span class='ocrx_word' id='word_1_166' title='bbox 172 2153 183 2212; x_wconf 90' lang='lat' dir='ltr'>i</span> <span class='ocrx_word' id='word_1_167' title='bbox 207 2173 238 2214; x_wconf 86' lang='lat' dir='ltr'>se</span> <span class='ocrx_word' id='word_1_168' title='bbox 249 2156 339 2214; x_wconf 85' lang='lat' dir='ltr'>etiem</span> <span class='ocrx_word' id='word_1_169' title='bbox 350 2154 498 2214; x_wconf 83' lang='lat' dir='ltr'>interdum</span> <span class='ocrx_word' id='word_1_170' title='bbox 511 2153 637 2231; x_wconf 72' lang='lat' dir='ltr'>Annibal</span> <span class='ocrx_word' id='word_1_171' title='bbox 647 2152 684 2212; x_wconf 89' lang='lat' dir='ltr'>de</span> <span class='ocrx_word' id='word_1_172' title='bbox 698 2155 766 2234; x_wconf 72' lang='lat' dir='ltr'>lugi</span> <span class='ocrx_word' id='word_1_173' title='bbox 779 2158 811 2221; x_wconf 87' lang='lat' dir='ltr'>in</span> <span class='ocrx_word' id='word_1_174' title='bbox 821 2152 958 2218; x_wconf 78' lang='lat' dir='ltr'>Galliam</span> 
     </span>
     <span class='ocr_line' id='line_1_27' title="bbox 172 2173 960 2319; baseline 0 -25"><span class='ocrx_word' id='word_1_175' title='bbox 172 2173 284 2297; x_wconf 78' lang='lat' dir='ltr'>dlcitur</span> <span class='ocrx_word' id='word_1_176' title='bbox 298 2237 423 2315; x_wconf 81' lang='lat' dir='ltr'>agitasse</span> <span class='ocrx_word' id='word_1_177' title='bbox 440 2280 449 2306; x_wconf 85' lang='lat'>‚</span> <span class='ocrx_word' id='word_1_178' title='bbox 471 2237 512 2294; x_wconf 88' lang='lat' dir='ltr'>ita</span> <span class='ocrx_word' id='word_1_179' title='bbox 534 2247 565 2294; x_wconf 90' lang='lat' dir='ltr'>ut</span> <span class='ocrx_word' id='word_1_180' title='bbox 582 2228 686 2295; x_wconf 83' lang='lat' dir='ltr'>relicto</span> <span class='ocrx_word' id='word_1_181' title='bbox 701 2233 835 2319; x_wconf 86' lang='lat' dir='ltr'>peditatu</span> <span class='ocrx_word' id='word_1_182' title='bbox 852 2237 960 2311; x_wconf 88' lang='lat' dir='ltr'>omni,</span> 
     </span>
    </p>

    <p class='ocr_par' dir='ltr' id='par_1_4' title="bbox 64 2316 969 2971">
     <span class='ocr_line' id='line_1_28' title="bbox 173 2316 914 2396; baseline -0.008 -19"><span class='ocrx_word' id='word_1_183' title='bbox 173 2335 241 2377; x_wconf 87' lang='lat' dir='ltr'>cum</span> <span class='ocrx_word' id='word_1_184' title='bbox 258 2317 405 2393; x_wconf 86' lang='lat' dir='ltr'>equitibus</span> <span class='ocrx_word' id='word_1_185' title='bbox 424 2335 455 2376; x_wconf 81' lang='lat' dir='ltr'>so</span> <span class='ocrx_word' id='word_1_186' title='bbox 471 2316 648 2396; x_wconf 85' lang='lat' dir='ltr'>proriperet.</span> <span class='ocrx_word' id='word_1_187' title='bbox 911 2338 914 2343; x_wconf 95' lang='lat'>·</span> 
     </span>
     <span class='ocr_line' id='line_1_29' title="bbox 67 2395 963 2472; baseline 0.004 -20"><span class='ocrx_word' id='word_1_188' title='bbox 67 2404 158 2459; x_wconf 72' lang='lat' dir='ltr'>caena</span> <span class='ocrx_word' id='word_1_189' title='bbox 213 2396 315 2458; x_wconf 87' lang='lat' dir='ltr'>XVll.</span> <span class='ocrx_word' id='word_1_190' title='bbox 333 2399 408 2458; x_wconf 77' lang='lat' dir='ltr'>Cum</span> <span class='ocrx_word' id='word_1_191' title='bbox 424 2396 491 2454; x_wconf 83' lang='lat' dir='ltr'>hoec</span> <span class='ocrx_word' id='word_1_192' title='bbox 512 2395 639 2454; x_wconf 90' lang='lat' dir='ltr'>consilia</span> <span class='ocrx_word' id='word_1_193' title='bbox 662 2406 748 2472; x_wconf 87' lang='lat' dir='ltr'>atque</span> <span class='ocrx_word' id='word_1_194' title='bbox 767 2395 817 2456; x_wconf 89' lang='lat' dir='ltr'>hic</span> <span class='ocrx_word' id='word_1_195' title='bbox 838 2395 963 2456; x_wconf 74' lang='lat' dir='ltr'>habitus</span> 
     </span>
     <span class='ocr_line' id='line_1_30' title="bbox 64 2474 964 2545; baseline -0.001 -8"><span class='ocrx_word' id='word_1_196' title='bbox 64 2477 134 2515; x_wconf 57' lang='grc' dir='ltr'>Μ’·</span> <span class='ocrx_word' id='word_1_197' title='bbox 175 2478 338 2538; x_wconf 83' lang='lat' dir='ltr'>animorum</span> <span class='ocrx_word' id='word_1_198' title='bbox 352 2485 429 2534; x_wconf 89' lang='lat' dir='ltr'>esset</span> <span class='ocrx_word' id='word_1_199' title='bbox 444 2474 474 2530; x_wconf 92' lang='lat' dir='ltr'>in</span> <span class='ocrx_word' id='word_1_200' title='bbox 490 2474 592 2534; x_wconf 83' lang='lat' dir='ltr'>castris</span> <span class='ocrx_word' id='word_1_201' title='bbox 608 2517 617 2544; x_wconf 81' lang='grc'><em>,</em></span> <span class='ocrx_word' id='word_1_202' title='bbox 638 2493 755 2545; x_wconf 76' lang='lat' dir='ltr'>movere</span> <span class='ocrx_word' id='word_1_203' title='bbox 767 2474 838 2534; x_wconf 90' lang='lat' dir='ltr'>inde</span> <span class='ocrx_word' id='word_1_204' title='bbox 855 2481 964 2536; x_wconf 85' lang='lat' dir='ltr'>statuit</span> 
     </span>
     <span class='ocr_line' id='line_1_31' title="bbox 175 2555 965 2638; baseline -0.005 -18"><span class='ocrx_word' id='word_1_205' title='bbox 175 2561 208 2620; x_wconf 86' lang='lat' dir='ltr'>in</span> <span class='ocrx_word' id='word_1_206' title='bbox 223 2556 364 2616; x_wconf 85' lang='lat' dir='ltr'>calidiora</span> <span class='ocrx_word' id='word_1_207' title='bbox 378 2556 507 2634; x_wconf 83' lang='lat' dir='ltr'>etqueed</span> <span class='ocrx_word' id='word_1_208' title='bbox 520 2555 677 2613; x_wconf 86' lang='lat' dir='ltr'>maturiore</span> <span class='ocrx_word' id='word_1_209' title='bbox 688 2555 832 2616; x_wconf 86' lang='lat' dir='ltr'>messibus</span> <span class='ocrx_word' id='word_1_210' title='bbox 842 2556 965 2638; x_wconf 79' lang='lat' dir='ltr'>Apuliae</span> 
     </span>
     <span class='ocr_line' id='line_1_32' title="bbox 175 2633 966 2713; baseline -0.01 -15"><span class='ocrx_word' id='word_1_211' title='bbox 175 2640 243 2698; x_wconf 90' lang='lat' dir='ltr'>loca</span> <span class='ocrx_word' id='word_1_212' title='bbox 258 2659 264 2696; x_wconf 90' lang='lat'>:</span> <span class='ocrx_word' id='word_1_213' title='bbox 281 2638 370 2698; x_wconf 88' lang='lat' dir='ltr'>simul</span> <span class='ocrx_word' id='word_1_214' title='bbox 384 2646 415 2694; x_wconf 91' lang='lat' dir='ltr'>ut</span> <span class='ocrx_word' id='word_1_215' title='bbox 433 2681 441 2706; x_wconf 93' lang='lat'>‚</span> <span class='ocrx_word' id='word_1_216' title='bbox 462 2635 520 2713; x_wconf 82' lang='lat' dir='ltr'>qud</span> <span class='ocrx_word' id='word_1_217' title='bbox 535 2633 652 2713; x_wconf 77' lang='lat' dir='ltr'>longius</span> <span class='ocrx_word' id='word_1_218' title='bbox 668 2636 704 2695; x_wconf 86' lang='lat' dir='ltr'>ab</span> <span class='ocrx_word' id='word_1_219' title='bbox 721 2637 804 2704; x_wconf 80' lang='lat' dir='ltr'>hoste</span> <span class='ocrx_word' id='word_1_220' title='bbox 816 2640 966 2698; x_wconf 62' lang='lat' dir='ltr'>recessim</span> 
     </span>
     <span class='ocr_line' id='line_1_33' title="bbox 175 2714 967 2796; baseline -0.004 -19"><span class='ocrx_word' id='word_1_221' title='bbox 175 2728 222 2777; x_wconf 83' lang='lat' dir='ltr'>set</span> <span class='ocrx_word' id='word_1_222' title='bbox 245 2760 254 2789; x_wconf 89' lang='lat'><strong><em>,</em></strong></span> <span class='ocrx_word' id='word_1_223' title='bbox 287 2717 449 2794; x_wconf 82' lang='lat' dir='ltr'>transfugia</span> <span class='ocrx_word' id='word_1_224' title='bbox 472 2715 663 2796; x_wconf 82' lang='lat' dir='ltr'>impeditiora</span> <span class='ocrx_word' id='word_1_225' title='bbox 687 2716 799 2774; x_wconf 79' lang='lat' dir='ltr'>lenibus</span> <span class='ocrx_word' id='word_1_226' title='bbox 823 2714 967 2787; x_wconf 81' lang='lat' dir='ltr'>ingeniis</span> 
     </span>
     <span class='ocr_line' id='line_1_34' title="bbox 211 2820 966 2896; baseline 0.012 -21"><span class='ocrx_word' id='word_1_227' title='bbox 211 2843 242 2876; x_wconf 89' lang='grc' dir='ltr'>ιο</span> <span class='ocrx_word' id='word_1_228' title='bbox 259 2827 269 2891; x_wconf 90' lang='grc'>(</span> <span class='ocrx_word' id='word_1_229' title='bbox 288 2826 424 2888; x_wconf 79' lang='lat' dir='ltr'>Consules</span> <span class='ocrx_word' id='word_1_230' title='bbox 438 2826 550 2896; x_wconf 73' lang='lat' dir='ltr'>imperii</span> <span class='ocrx_word' id='word_1_231' title='bbox 583 2831 657 2887; x_wconf 84' lang='lat' dir='ltr'>litum</span> <span class='ocrx_word' id='word_1_232' title='bbox 669 2828 764 2886; x_wconf 78' lang='lat' dir='ltr'>favoris</span> <span class='ocrx_word' id='word_1_233' title='bbox 779 2842 825 2892; x_wconf 85' lang='lat' dir='ltr'>per</span> <span class='ocrx_word' id='word_1_234' title='bbox 839 2820 966 2885; x_wconf 55' lang='lat' dir='ltr'>ostenta}</span> 
     </span>
     <span class='ocr_line' id='line_1_35' title="bbox 173 2889 969 2971; baseline 0.003 -29"><span class='ocrx_word' id='word_1_235' title='bbox 173 2904 297 2971; x_wconf 82' lang='lat' dir='ltr'>potentes</span> <span class='ocrx_word' id='word_1_236' title='bbox 307 2889 409 2965; x_wconf 82' lang='lat' dir='ltr'>fecit)</span> <span class='ocrx_word' id='word_1_237' title='bbox 430 2893 504 2943; x_wconf 82' lang='lat' dir='ltr'>Fecit</span> <span class='ocrx_word' id='word_1_238' title='bbox 522 2907 550 2944; x_wconf 91' lang='lat' dir='ltr'>ut</span> <span class='ocrx_word' id='word_1_239' title='bbox 582 2898 682 2947; x_wconf 88' lang='lat' dir='ltr'>tionem</span> <span class='ocrx_word' id='word_1_240' title='bbox 702 2906 727 2944; x_wconf 86' lang='lat' dir='ltr'>et</span> <span class='ocrx_word' id='word_1_241' title='bbox 737 2893 893 2961; x_wconf 82' lang='lat' dir='ltr'>indecorum</span> <span class='ocrx_word' id='word_1_242' title='bbox 910 2898 969 2949; x_wconf 71' lang='lat' dir='ltr'>ob:</span> 
     </span>
    </p>

    <p class='ocr_par' dir='ltr' id='par_1_5' title="bbox 176 2957 767 3028">
     <span class='ocr_line' id='line_1_36' title="bbox 176 2957 767 3028; baseline 0.002 -18"><span class='ocrx_word' id='word_1_243' title='bbox 176 2957 300 3015; x_wconf 80' lang='lat' dir='ltr'>consules</span> <span class='ocrx_word' id='word_1_244' title='bbox 309 2958 446 3008; x_wconf 84' lang='lat' dir='ltr'>continere</span> <span class='ocrx_word' id='word_1_245' title='bbox 455 2958 484 3027; x_wconf 84' lang='lat' dir='ltr'>ln</span> <span class='ocrx_word' id='word_1_246' title='bbox 493 2958 561 3027; x_wconf 39' lang='lat' dir='ltr'>olli-¹</span> <span class='ocrx_word' id='word_1_247' title='bbox 582 2964 720 3028; x_wconf 78' lang='lat' dir='ltr'>aequitum.</span> <span class='ocrx_word' id='word_1_248' title='bbox 754 2960 767 2983; x_wconf 84' lang='lat'>·&#39;</span> 
     </span>
    </p>

    <p class='ocr_par' dir='ltr' id='par_1_6' title="bbox 177 3024 965 3302">
     <span class='ocr_line' id='line_1_37' title="bbox 177 3024 965 3094; baseline -0.005 -14"><span class='ocrx_word' id='word_1_249' title='bbox 177 3029 222 3080; x_wconf 90' lang='lat' dir='ltr'>cio</span> <span class='ocrx_word' id='word_1_250' title='bbox 243 3024 354 3079; x_wconf 84' lang='lat' dir='ltr'>militem</span> <span class='ocrx_word' id='word_1_251' title='bbox 375 3036 504 3090; x_wconf 81' lang='lat' dir='ltr'>possent,</span> <span class='ocrx_word' id='word_1_252' title='bbox 523 3036 572 3079; x_wconf 79' lang='lat' dir='ltr'>et&#39;·</span> <span class='ocrx_word' id='word_1_253' title='bbox 618 3024 965 3094; x_wconf 71' lang='lat' dir='ltr'>ru(Nequicquam...1-e.</span> 
     </span>
     <span class='ocr_line' id='line_1_38' title="bbox 177 3090 962 3161; baseline 0.005 -17"><span class='ocrx_word' id='word_1_254' title='bbox 177 3110 237 3159; x_wconf 85' lang='lat' dir='ltr'>eum</span> <span class='ocrx_word' id='word_1_255' title='bbox 253 3091 370 3161; x_wconf 80' lang='lat' dir='ltr'>imperiis</span> <span class='ocrx_word' id='word_1_256' title='bbox 384 3090 550 3153; x_wconf 69' lang='lat' dir='ltr'>obedientem</span> <span class='ocrx_word' id='word_1_257' title='bbox 584 3091 637 3145; x_wconf 83' lang='lat' dir='ltr'>‹liit</span> <span class='ocrx_word' id='word_1_258' title='bbox 653 3094 663 3151; x_wconf 81' lang='lat' dir='ltr'>l</span> <span class='ocrx_word' id='word_1_259' title='bbox 681 3092 720 3142; x_wconf 77' lang='lat' dir='ltr'>lte</span> <span class='ocrx_word' id='word_1_260' title='bbox 744 3091 844 3153; x_wconf 60' lang='lat' dir='ltr'>inlecti</span> <span class='ocrx_word' id='word_1_261' title='bbox 869 3097 962 3152; x_wconf 85' lang='lat' dir='ltr'>rediit.</span> 
     </span>
     <span class='ocr_line' id='line_1_39' title="bbox 177 3159 963 3219; baseline 0.008 -9"><span class='ocrx_word' id='word_1_262' title='bbox 177 3161 297 3219; x_wconf 76' lang='lat' dir='ltr'>babere.¹</span> <span class='ocrx_word' id='word_1_263' title='bbox 375 3169 377 3174; x_wconf 89' lang='lat'>&#39;</span> <span class='ocrx_word' id='word_1_264' title='bbox 584 3159 630 3212; x_wconf 80' lang='lat' dir='ltr'>sic</span> <span class='ocrx_word' id='word_1_265' title='bbox 658 3177 670 3211; x_wconf 89' lang='lat' dir='ltr'>a</span> <span class='ocrx_word' id='word_1_266' title='bbox 694 3160 864 3212; x_wconf 68' lang='lat' dir='ltr'>adsentiri</span> <span class='ocrx_word' id='word_1_267' title='bbox 887 3160 963 3219; x_wconf 89' lang='lat' dir='ltr'>bello</span> 
     </span>
     <span class='ocr_line' id='line_1_40' title="bbox 216 3177 964 3302; baseline -0.003 -24"><span class='ocrx_word' id='word_1_268' title='bbox 216 3245 242 3278; x_wconf 90' lang='grc' dir='ltr'>ιι</span> <span class='ocrx_word' id='word_1_269' title='bbox 270 3223 456 3292; x_wconf 73' lang='lat' dir='ltr'>(Ambitio)</span> <span class='ocrx_word' id='word_1_270' title='bbox 482 3223 551 3278; x_wconf 78' lang='lat' dir='ltr'>Cura</span> <span class='ocrx_word' id='word_1_271' title='bbox 584 3177 704 3296; x_wconf 75' lang='lat' dir='ltr'>Jugurrlr.</span> <span class='ocrx_word' id='word_1_272' title='bbox 733 3243 759 3280; x_wconf 89' lang='lat' dir='ltr'>c.</span> <span class='ocrx_word' id='word_1_273' title='bbox 786 3228 827 3291; x_wconf 74' lang='lat'>25,</span> <span class='ocrx_word' id='word_1_274' title='bbox 856 3225 964 3302; x_wconf 66' lang='lat' dir='ltr'>Legati</span> 
     </span>
    </p>
   </div>
   <div class='ocr_carea' id='block_1_3' title="bbox 180 3291 866 3373">
    <p class='ocr_par' dir='ltr' id='par_1_7' title="bbox 180 3291 866 3373">
     <span class='ocr_line' id='line_1_41' title="bbox 180 3291 866 3373; baseline -0.009 -20"><span class='ocrx_word' id='word_1_275' title='bbox 180 3292 552 3366; x_wconf 72' lang='lat' dir='ltr'>entteunetaueupannmi-</span> <span class='ocrx_word' id='word_1_276' title='bbox 576 3291 692 3373; x_wconf 70' lang='lat' dir='ltr'>frustfa‘</span> <span class='ocrx_word' id='word_1_277' title='bbox 702 3293 866 3355; x_wconf 79' lang='lat' dir='ltr'>discessere.</span> 
     </span>
    </p>
   </div>
   <div class='ocr_carea' id='block_1_4' title="bbox 528 3480 554 3503">
    <p class='ocr_par' dir='ltr' id='par_1_8' title="bbox 528 3480 554 3503">
     <span class='ocr_line' id='line_1_42' title="bbox 528 3480 554 3503; baseline 0 0"><span class='ocrx_word' id='word_1_278' title='bbox 528 3480 554 3503; x_wconf 54' lang='grc' dir='ltr'>ἱ</span> 
     </span>
    </p>
   </div>
   <div class='ocr_carea' id='block_1_5' title="bbox 0 0 1013 3780">
    <p class='ocr_par' dir='ltr' id='par_1_9' title="bbox 0 0 1013 3780">
     <span class='ocr_line' id='line_1_43' title="bbox 0 0 1013 3780; baseline 0 0"><span class='ocrx_word' id='word_1_279' title='bbox 0 0 1013 3780; x_wconf 95' lang='lat' dir='ltr'> </span> 
     </span>
    </p>
   </div>
  </div>
 </body>
</html>
