2062 3786
214 172 711 250 Nsnrsauto-XLIV.
808 177 900 247 103²

91 304 158 343 cum
171 282 342 343 bominibus
362 281 493 360 locisque
506 277 661 361 pugnando
676 297 729 358 per
745 277 874 356 quinque

92 383 208 423 menses
222 363 405 423 exhausisset
418 406 426 432 ‚
452 360 674 440 haudquaquam
687 370 745 418 tam
757 357 876 417 facilem

92 455 301 521 maturumque
318 443 470 501 transitum
488 440 684 521 exspectabat.
706 445 746 499 Ea
764 436 876 500 tardibs

93 523 229 583 movendi
246 543 282 582 ex
297 522 433 593 hibernis
447 541 532 582 causa
546 521 614 580 fuit.
984 587 991 602 ⁸

135 601 189 664 lv.
206 602 346 665 Ceterum
368 602 553 674 Asdrubali‚
585 612 614 660 et
631 598 683 658 sud
703 609 732 656 et
751 598 876 658 aliorum
920 588 1004 659 ⁰⁶⁶²?

95 652 1008 774 speomniacetarioraarqueexpedittoratuere.Non2222&

95 764 176 822 enim
191 776 367 843 receperunt
378 762 469 822 modo
479 761 603 821 Arverni
616 781 683 820 eum
696 804 705 831 ‚
724 759 880 838 deinceps·
890 765 1007 877 almipa-

96 862 153 921 que
177 844 249 904 aliae
275 843 403 904 Gallica
432 854 518 918 atque
542 841 656 921 Alpinae
680 851 804 917 gentes;
829 838 946 898 sedv‘ti
969 841 1009 878 “⁸-

97 926 186 983 etiam
203 935 309 985 secutae
324 935 392 984 sunt
407 923 442 982 ad
464 921 585 982 bellurn.
605 922 642 983 Et
662 921 730 980 etim
747 939 802 1001 per
815 939 883 979 mu-

98 1003 161 1061 nita
175 1003 315 1083 pleraque
337 1006 462 1063 transitu
477 1001 577 1063 fratris
591 1045 600 1073 ‚
627 1021 690 1080 quae
705 1013 790 1060 antea
802 1000 882 1059 invia

91 1077 215 1159 {fuerant
231 1127 240 1156 ‚
270 1078 427 1169 ducebatp'
441 1083 603 1140 tumetium
618 1078 773 1140 duodecim
790 1098 882 1139 anno-

91 1182 167 1237 ‚rum
185 1160 375 1225 assuetudine
397 1163 509 1240 perviis
527 1161 653 1240 Alpibus
671 1159 780 1234 factis,
803 1161 883 1218 inter

95 1240 221 1323 mitiora
236 1245 295 1321 jam
321 1242 473 1303 hominurn
490 1242 630 1301 transibat
646 1242 775 1320 ingenia.
802 1238 883 1299 lnvi·

94 1323 181 1397 ¹sirati
203 1318 439 1403 namqueantel
457 1321 632 1400 alienigenis
659 1365 668 1391 ‚
706 1341 760 1382 nec
782 1318 884 1379 videre

102 1402 162 1483 ipsi
179 1400 316 1462 advenum
333 1403 364 1460 in
385 1401 438 1460 sud
458 1403 536 1461 terrd
553 1403 661 1462 assueti
688 1446 696 1474 ‚
733 1401 813 1460 omni
835 1420 884 1478 ge-

94 1478 302 1561 'neriltumano
313 1481 501 1559 insociabiles
516 1494 607 1541 eraut.
621 1482 658 1540 Et
671 1483 768 1560 primo
785 1480 884 1558 ignari

93 1558 166 1641 ssqub'
185 1554 288 1621 Pdeirus
304 1573 467 1641 pergeret,
491 1581 557 1620 suas
579 1578 666 1638 rupes
688 1579 797 1638 suaque
820 1578 886 1620 cas·

93 1640 196 1717 tella,
223 1653 253 1721 et
273 1660 415 1723 pecorum
438 1640 650 1718 bominumque
672 1641 796 1719 praedam
821 1638 886 1720 peti

92 1720 287 1797 ,crediderant
311 1720 420 1782 flama
444 1721 548 1780 deindd
572 1721 675 1780 Punici
698 1720 794 1792 belli,
826 1738 886 1797 quo

101 1800 429 1867 duodecimum'annum
441 1800 530 1863 Italia
543 1803 682 1861 urebatur
699 1846 707 1874 ‚
729 1802 800 1861 satis
811 1798 886 1862 edo·

93 1875 220 1954 Iouem,
246 1883 325 1943 viam
340 1884 452 1945 tanttlm
465 1884 558 1965 Alpes
574 1902 638 1943 esse
653 1907 662 1956 ς
689 1883 760 1942 duas
772 1900 884 1963 praeva-

41 1977 45 1984 ·
96 1955 173 2046 lidas'
186 1963 271 2024 urbes
286 1960 423 2042 {magno
434 1966 512 2023 inter
530 1985 561 2023 se
575 1964 667 2023 maris
681 1974 885 2041 terrarumque

103 2041 199 2178 spatio
213 2040 352 2102 discretas
365 2087 375 2116 ‚
398 2040 434 2101 de
450 2044 579 2121 imperio
595 2053 624 2100 et
637 2042 741 2119 opibus
759 2052 883 2102 certare.

96 2114 115 2195 l
134 2142 155 2179 n·
170 2137 288 2181 causaea
304 2133 448 2189 ‚eruerant
461 2122 552 2200 Alpes
568 2120 734 2182 Asdrubali.

97 2262 102 2273 ‚
145 2200 182 2264 V·
201 2138 342 2260 Ceterdm
364 2201 441 2279 quod
460 2203 613 2262 celeritate
634 2202 752 2260 itineris
767 2199 884 2281 profec-
899 2187 1011 2294 ‘Pffg‘ss

104 2288 166 2339 tum
179 2291 241 2339 erat
256 2323 265 2352 ‚
284 2278 314 2339 id
325 2271 410 2340 nium
424 2280 459 2341 ad
473 2283 674 2353 Placentiam,
697 2280 766 2340 dum
781 2279 886 2341 trustrd
900 2264 989 2357 :fias
1004 2274 1015 2288 '

99 2359 217 2437 obsidet
234 2363 428 2442 magisqudm
444 2375 617 2443 oppugnat,
643 2363 785 2441 corrupit.
811 2362 887 2423 Cre·

106 2440 222 2501 diderat
240 2442 416 2521 campestris
433 2445 538 2523 oppidi
556 2443 674 2502 facilem
690 2444 888 2522 expuguatio-

104 2540 174 2605 nem
184 2540 249 2583 esse
268 2541 275 2579 :
294 2534 324 2580 et
335 2520 476 2589 nobilitas
491 2523 615 2584 coloniae
627 2521 780 2582 induxerat
795 2542 885 2594 eum,
941 2560 946 2567 ·

105 2619 287 2681 magnumse
303 2602 437 2677 exscidio
452 2607 517 2682 ejus
528 2604 609 2662 urbis
626 2613 767 2662 terrorem
780 2603 887 2664 ceteris

105 2678 292 2761 injecturum.
322 2680 390 2740 Non
416 2682 517 2764 ipsum
546 2684 641 2761 solum
671 2703 706 2743 ea
737 2703 888 2763 oppugna-

104 2760 347 2840 tio-impediit,
377 2761 431 2824 sed
456 2765 630 2825 Annibalem
656 2807 665 2836 ‚
688 2777 755 2845 post
780 2763 887 2824 famam

105 2840 244 2903 transittis
270 2842 334 2917 ejus
354 2844 434 2902 tantb
457 2865 509 2924 spe
527 2845 580 2905 sud
601 2842 801 2917 celeriorem,
827 2847 888 2920 jam

105 2935 272 2983 moventem
299 2942 336 2981 ex
367 2918 497 2987 bibernis
526 2929 710 2986 continuerat
735 2946 742 2984 ε
773 2926 887 3004 quippe

105 3013 292 3082 reputantem
312 3022 369 3062 non
382 3005 478 3066 solum
496 3007 582 3083 quim
602 3006 680 3067 lenta
698 3005 816 3064 urbium
833 3024 887 3083 op-

107 3085 250 3164 pugnatio
270 3094 369 3155 esset‚
400 3085 450 3144 sed
471 3089 561 3147 etiam
579 3087 667 3166 quarn
691 3087 757 3166 ipse
780 3083 888 3145 frustra

108 3159 246 3223 eamdem
264 3156 349 3221 illam'
371 3165 516 3228 coloniam
536 3167 573 3226 ab
598 3164 705 3228 Trebid
722 3169 817 3227 victor
838 3185 887 3225 re·

109 3259 226 3321 gressus
239 3242 387 3304 tentisset.
900 3220 1014 3331 ‘ustaig

150 3319 204 3387 Vl.
222 3321 365 3385 Consules
381 3310 504 3390 diversis
527 3325 686 3470 itineribul}
702 3324 831 3480 profecti
851 3324 887 3389 ab
900 3357 985 3451 pupio-
