2016 3780
114 191 178 262 rot
338 170 466 248 Trrr
513 179 668 248 Lv111
745 240 761 248 ,

111 280 208 354 urbe,
239 280 318 341 velut
337 283 368 339 in
392 281 452 342 duo
473 285 584 363 pariter
600 281 676 343 bella
695 279 902 348 distenderant

113 380 199 422 curas
223 361 374 421 hominum
400 382 407 421 :
435 363 523 421 simul
548 361 795 433 recordantium,
830 380 904 441 quas

113 444 225 525 primus
237 441 374 502 adventus
391 441 546 502 Annibalis
563 441 711 503 intulisset
730 441 833 502 Italiae
847 441 904 502 cla-

113 524 186 594 des,
213 521 301 580 simul
321 521 388 580 edm
406 521 457 581 illa
479 533 601 599 angeret
624 543 714 594 curs,
746 544 819 604 quos
843 533 904 582 tum

110 604 247 687 propitios
262 601 323 660 urbi
338 615 423 682 atque
439 607 555 682 imperis
562 609 628 676 fore
648 608 732 674 deos,
757 615 793 662 ut
805 608 905 663 eodem

112 699 238 762 tempore
274 681 418 764 utrobique
461 684 616 765 respublica
651 681 784 765 prospere
820 704 906 763 gere-

114 766 215 826 returi

48 846 95 897 mis
155 841 225 906 VH.
266 840 389 901 Annibal
419 841 547 921 undique
584 830 736 904 contracto
766 840 908 903 exercitu

48 1043 84 1076 M

48 1104 75 1139 :tu

48 910 202 1016 ,ffquem
218 923 250 980 in
265 922 395 983 hibernis
415 945 430 995 ,·
449 935 500 982 aut
513 925 544 981 in
548 924 696 1064 praesidiis
713 924 777 1001 agri
791 921 908 983 Bruttii

116 1005 286 1075 habuerat,
316 1003 347 1061 in
373 1003 546 1080 Lucanoea
589 1005 795 1066 Grumentum
814 1002 908 1063 venit.

78 1128 87 1144 .
116 1086 229 1148 Eodem
252 1082 269 1142 ὲ
293 1082 425 1146 Venusii
449 1082 553 1145 consul
569 1084 718 1153 Romanus
738 1084 910 1166 exploratis

116 1167 275 1226 itineribus
288 1165 439 1224 contendit
455 1212 463 1238 ,
494 1177 522 1225 et
537 1165 620 1225 mille
636 1164 698 1229 ferd
714 1173 745 1222 et
760 1166 911 1244 quingen·

117 1259 162 1306 tos
180 1264 280 1323 passus
293 1256 386 1304 castra
407 1247 443 1306 ab
464 1246 547 1306 hoste
563 1247 652 1306 locat.
672 1245 774 1306 Castra
795 1245 910 1307 Punica

111 1347 151 1387 ac
174 1327 303 1386 Romana
319 1327 510 1406 interjacebat
523 1345 662 1408 campus:
690 1322 788 1385 enites
805 1328 909 1387 immi-

109 1407 226 1466 nebant
243 1405 315 1464 nudi
332 1409 452 1466 sinistro
471 1408 557 1468 lateri
586 1405 909 1484 Carthaginiensium,

119 1488 222 1547 dextro
245 1487 469 1561 Romanorum,
505 1489 602 1549 nonni
627 1488 758 1626 suspecti
782 1532 792 1560 ,
829 1486 910 1567 qubd

108 1570 196 1639 nibil
214 1568 299 1650 sylvae
311 1587 407 1648 neque
422 1568 457 1628 ad
473 1568 597 1629 insidias
618 1568 676 1628 late
699 1588 800 1628 rarum
817 1568 911 1629 habe·

119 1649 198 1710 bant.
219 1651 254 1710 ln
277 1648 376 1708 medio
395 1669 504 1727 campo
524 1649 560 1709 ab
577 1648 753 1740 statiopibus
781 1669 909 1728 procur·

120 1742 242 1801 santes,
269 1729 430 1791 certamina
452 1728 530 1789 haud
552 1730 624 1790 satis
644 1728 731 1807 digna
752 1727 840 1793 dictu
863 1749 910 1791 se·

119 1811 233 1869 rebant.
249 1808 283 1868 id
297 1809 384 1868 modb
396 1808 559 1868 Romanum
571 1827 707 1888 quaerere
722 1830 738 1867 a
764 1808 908 1888 parebat,

121 1890 157 1947 nd
171 1888 252 1948 abire
262 1888 376 1948 hostem
388 1900 552 1968 pateretur,
563 1829 766 1957 Aimibalinde
776 1887 906 1950 evadere

96 1984 99 1989 ·
121 1969 264 2048 cupiens,
290 1969 362 2030 totis
373 1970 486 2030 viribus
502 1970 534 2030 in
547 1968 642 2031 aciem
658 1967 870 2031 descendebat.

48 2072 108 2120 tatu
161 2050 245 2114 Viil.
264 2051 342 2112 Tum
358 2053 460 2111 consul
479 2052 537 2130 (r)
561 2050 684 2129 ingenio
699 2046 796 2110 bostis
812 2068 907 2122 usus,

48 2150 84 2179 id·

48 2210 82 2241 tn..

121 2129 289 2208 quominus
314 2133 344 2189 in
365 2143 425 2192 tam
445 2132 554 2214 apertis
576 2130 701 2190 collibni
717 2130 822 2190 timeri
838 2129 909 2191 insi·

122 2213 174 2274 diae
194 2223 347 2293 poterant,
376 2215 505 2291 quinque
533 2212 669 2274 cohortes
689 2208 801 2271 additis
824 2212 909 2292 quin·

121 2314 177 2374 que
198 2293 358 2374 manipulis
379 2337 387 2365 ,
425 2302 513 2352 noct'e
536 2296 635 2371 jugum
657 2292 804 2371 superare
824 2303 857 2352 et
878 2292 911 2352 iu

117 2373 231 2435 aversis
258 2372 381 2431 vallibus
407 2373 560 2432 considere
576 2373 672 2450 jubet.
702 2371 843 2451 Tempus
863 2392 910 2433 ex·

123 2451 258 2530 surgendi
279 2473 315 2510 ex
330 2452 449 2512 insidiis
467 2497 474 2524 ,
508 2463 543 2511 et
552 2450 740 2532 aggqediendi
758 2450 911 2527 hostem,

122 2535 171 2595 Ti.
192 2531 352 2594 Claudium
369 2531 500 2612 Asellum
519 2533 669 2602 tribunum
691 2525 851 2609 militum,
882 2543 915 2593 ut*

122 2615 154 2674 P.
168 2612 326 2677 Claudium
348 2612 523 2693 praefectum
543 2612 658 2681 susidm
673 2611 809 2688 edocet,
831 2632 912 2697 quot

123 2712 190 2752 cum
211 2696 248 2753 iis
277 2696 421 2758 mittebat.
616 2694 619 2705 '
657 2710 660 2723 '
713 2714 716 2719 ·

163 2774 216 2835 IX.
240 2773 306 2854 Ipse
329 2775 396 2835 luce
420 2774 516 2855 primi
540 2772 911 2858 copiasomnes'peditum

121 2855 314 2935 equitumque
336 2857 367 2913 in
381 2859 473 2916 aciem
493 2855 604 2917 eduxit.
625 2854 715 2917 Pauli)
732 2866 802 2935 post
821 2866 856 2915 et
871 2854 913 2915 ab

116 2934 263 3002 ¹Annibale
284 2936 401 3014 signum
420 2957 527 3018 pugnae
548 2934 734 3018 prdpositum
752 2945 820 2995 est:
845 2934 908 2996 cla·

119 3035 243 3097 mosque
265 3015 296 3076 in
318 3017 420 3077 castris
442 3017 479 3075 ad
506 3035 586 3076 arma
604 3016 833 3076 discurrentium
860 3025 907 3075 est

120 3098 262 3158 sublatus.
290 3096 360 3165 Inde
377 3117 464 3177 eques
484 3097 629 3180 pedesque
652 3097 789 3156 certatim
805 3096 910 3175 portis

120 3180 228 3253 ruere,
262 3200 296 3240 ac
323 3178 414 3262 palati
441 3198 495 3262 pen
515 3198 651 3260 campum
671 3176 839 3259 ‘properate
869 3173 905 3236 ad

156 3295 306 3368 1(Ingenio
317 3295 403 3349 hostis
414 3299 490 3363 usus)
526 3310 551 3348 et
572 3282 692 3351 aduersus
713 3295 828 3348 Poenum
848 3304 911 3347 arte

119 3359 258 3435 ingenium
268 3363 353 3418 hostis
364 3366 493 3435 imitatus,
526 3360 628 3419 Punici
642 3374 726 3416 utens.
