2016 3780
160 205 227 269 '188
388 195 722 267 Trarhvrrr

160 298 390 360 dissuadendam
413 319 518 379 pacem
540 301 754 380 processisset,
781 297 970 368 audiretur-,

160 401 218 459 que
233 381 249 439 h
267 378 473 453 multitudiue,
492 380 626 458 inquieti
639 379 742 439 eddem
759 390 791 437 et
806 380 949 454 imbelli,

161 461 331 540 indignatus
362 458 511 534 Annibal,
536 460 598 521 dici
618 480 655 519 ea
675 461 707 519 in
732 458 784 517 tali
811 472 951 560 tempore

159 542 337 620 audirique,
362 551 512 622 arreptum
532 541 696 618 Gisgonem
721 558 809 597 manu
831 560 884 600 sua
911 559 950 602 ex

161 621 316 701 superiore
343 620 411 680 loco
433 619 569 682 detraxit.
602 622 677 699 Quae
704 620 819 678 insueta
847 619 950 679 liberae

160 702 278 764 civitati
294 704 410 781 species
422 702 490 760 clim
502 699 653 761 fremitum
667 699 772 779 populi
787 702 950 772 movisset,

159 781 347 863 perturbatus
372 780 510 842 militaris
532 783 576 842 vir
591 779 699 840 urbani
722 778 878 839 libertate:
893 779 952 838 No-

159 883 240 935 vem,
259 863 384 941 iuquit,
409 884 542 933 annerum
561 860 577 918 d
598 859 673 920 rolris
691 864 857 938 profectus,
883 872 951 938 pest

159 945 338 1024 trigesimum
350 954 465 1001 sextum
476 962 578 1000 annum
590 942 669 1000 redii.
687 939 837 999 mitteres
849 952 950 1013 artes,

159 1043 230 1102 quos
248 1043 291 1080 me
308 1021 325 1080 d
337 1042 424 1101 puero
444 1023 492 1096 (4)
505 1024 623 1090 fertura
641 1041 712 1079 nunc
723 1022 862 1100 privata,
878 1041 950 1078 nunc

154 1101 271 1181 publica
285 1105 396 1174 docuit,
414 1098 500 1180 probe
519 1102 614 1158 videor
632 1102 711 1159 scire.
738 1099 821 1158 Urbis
841 1122 875 1158 oc
883 1101 948 1171 fori

154 1184 240 1262 jura,
255 1183 351 1261 leges,
367 1202 471 1252 mores,
493 1201 540 1238 vos
556 1200 601 1239 me
615 1191 724 1258 oportet
740 1183 876 1239 doceatis.

198 1286 251 1347 lv.
280 1281 427 1346 Excusatai
448 1281 668 1365 imprudentia,
693 1282 731 1342 de
748 1303 822 1363 pace
843 1283 949 1347 multis

158 1364 255 1426 verbis
274 1364 441 1434 disseruit,
461 1364 548 1442 quim
570 1383 623 1425 nec
650 1363 772 1443 iniqua,
797 1374 828 1422 et
844 1385 948 1426 neces·

159 1445 235 1506 saria
257 1455 343 1504 esset.
371 1443 401 1504 ld
417 1445 549 1522 omnium
571 1441 700 1504 maxime
716 1441 839 1504 difficile
861 1459 949 1521 erat,

158 1523 236 1606 qudd
256 1545 296 1584 ex
315 1523 438 1584 navibus
456 1543 510 1604 per
524 1524 659 1585 inducias
670 1526 765 1607 captis
780 1523 860 1584 nihil
874 1546 948 1607 prae·

157 1617 205 1667 ter
228 1609 307 1745 ipsas
323 1607 511 1685 comparebat
530 1623 617 1666 naves
638 1627 645 1665 ε
667 1626 762 1686 neque
786 1607 948 1686 inquisitio

158 1695 221 1745 erat
252 1687 360 1756 acilis,
379 1686 447 1746 crim
467 1684 653 1748 adversantes
669 1687 760 1768 paci,
787 1707 947 1765 argueren-

157 1777 216 1827 tur.
240 1766 353 1830 Placuit
368 1782 464 1826 *naves
489 1765 598 1842 reddi,
627 1777 657 1826 et
682 1767 817 1827 homines
844 1770 944 1848 utique

156 1847 269 1923 inquiri
299 1866 307 1908 t
339 1857 464 1920 cetera,
491 1867 555 1926 quae
585 1848 743 1921 abessent,
775 1846 948 1909 aestimando

157 1925 292 2004 Scipioni
322 1923 456 2005 permitti
480 1945 488 1984 ε
519 1937 608 2008 atque
637 1926 680 1987 itt
706 1929 835 2009 pecunid
863 1929 948 1990 luere

158 2003 429 2085 Carthaginienses.
951 2037 954 2042 ·

198 2111 236 2174 V.
262 2109 459 2191 Posteaquhm
477 2108 627 2174 redierunt
648 2112 683 2174 ad
708 2080 883 2194 Scipionem
904 2097 950 2175 leJ

157 2190 241 2269 gali,
262 2211 326 2332 quae
344 2191 465 2272 publica
489 2195 519 2251 in
542 2195 663 2254 navibus
685 2193 816 2268 fuerant,
835 2217 874 2256 ex
888 2216 946 2290 pu·

157 2271 246 2333 blicis
284 2273 414 2351 escripta
425 2272 588 2332 rationibus
598 2287 778 2353 quaestores;
800 2296 865 2354 quae
881 2297 945 2358 prr.

157 2365 241 2426 vata,
258 2350 395 2432 profiteri
406 2351 519 2412 domini
535 2352 606 2431 jussi
627 2375 633 2412 :
656 2375 711 2434 pro
723 2376 755 2415 ea
768 2375 884 2419 summa
896 2382 946 2441 pe-

143 2434 252 2495 xcuniae
282 2430 390 2510 viginti
417 2431 546 2512 quinque
578 2431 673 2493 millia
700 2436 800 2514 pondo
826 2445 942 2518 'argenti

179 2510 312 2576 raesentia
334 2522 461 2570 exacta:
486 2513 670 2592 induciaeque
688 2516 945 2596 Carthaginiensi-

156 2532 211 2652 hus
227 2589 299 2653 datae
313 2594 343 2651 in
355 2600 415 2652 tres
426 2611 552 2653 menses.
579 2594 746 2668 Additum,
766 2600 804 2657 nd
826 2621 881 2677 per
897 2606 946 2663 in.

112 2696 115 2701 ·
155 2668 309 2733 duciarum
333 2682 448 2752 tempus
471 2674 530 2737 alid
553 2694 674 2756 usquam
705 2676 793 2756 quim
816 2680 945 2746 Romam

154 2753 309 2812 mitterent
327 2752 463 2830 legatos:
482 2766 530 2826 et,
552 2758 732 2837 quicumque
754 2757 845 2839 legati
869 2765 946 2827 Car.

155 2831 306 2909 theginem
321 2834 489 2905 venissent,
512 2835 550 2893 ne
576 2839 643 2895 ante
659 2837 845 2901 dimitterent
868 2865 921 2907 eos
933 2891 950 2922 ,

155 2914 243 2992 quarn
266 2911 430 2973 Romanum
457 2915 691 2996 imperatorem,
720 2921 793 2998 qui,
824 2934 855 2983 et
879 2945 945 3004 quae

154 3003 290 3130 petentes
303 3004 305 3009 ’
317 2994 485 3065 venissent,
516 2997 675 3056 certiorem
692 2997 830 3064 facerent.
864 3007 943 3069 (hm

169 3074 262 3149 egetis
277 3071 571 3151 Carthaginiensibus
586 3075 708 3140 Romam
725 3081 810 3146 missi
832 3085 866 3149 L.
883 3089 943 3154 Ve.

188 3210 204 3274 4
217 3212 353 3276 (Fortuna
362 3211 530 3282 nuneprr’va-
564 3233 636 3270 nunc
645 3222 747 3286 priuata
758 3222 861 3279 fortuna
870 3244 942 3286 mea,

155 3288 201 3336 ta,
217 3297 287 3358 quire
298 3277 425 3345 publica)
442 3281 479 3332 Ea
491 3283 532 3363 yi3
565 3302 637 3336 nunc
651 3288 757 3351 publica
772 3290 942 3364 Carthaginis

93 3386 96 3405 ,
129 3345 236 3433 *vendi
259 3361 333 3414 sors,
364 3362 443 3418 quam
462 3348 530 3404 mihi
565 3351 769 3412 lortuuassdedit.
899 3415 901 3420 ,
