2016 3780
114 210 156 274 16
315 201 462 273 ιΤιτι
508 198 657 271 L1v1t

106 363 890 406 cmx*

245 494 758 584 unuunuiov.

108 657 270 736 Perfidia
294 658 417 734 Mettii
443 657 618 744 Fuffetii,
647 673 683 732 et
706 670 895 759 sumptum

310 756 355 831 de
374 758 441 832 itta
458 757 700 861 supplicium.
910 806 913 811 -

62 1060 98 1120 ⁸7·
145 1036 217 1089 Clau
226 1035 330 1090 Albani
336 1035 471 1106 perinviti
478 1035 607 1090 Ronmnis
617 1051 746 1106 parerent
757 1075 764 1101 ‚
776 1037 897 1090 Mettius

60 1124 98 1179 ⁶5·
110 1104 247 1224 Fulffetius
258 1121 352 1155 eorum
365 1102 423 1155 dux
437 1139 445 1166 ,
456 1102 637 1156 Fidenatibus
648 1118 675 1157 et
684 1104 849 1158 Veientibus
859 1104 897 1158 ad

110 1170 143 1223 be
157 1172 213 1223 lum
222 1168 384 1234 concitatis,
394 1168 528 1246 prondttit
545 1187 575 1220 se
586 1169 624 1222 tul
631 1188 680 1221 eos
694 1190 756 1223 cum
771 1171 898 1222 exercitu

109 1257 178 1299 suo,
194 1235 224 1290 in
236 1235 296 1306 ipso
304 1233 399 1304 proelii
414 1234 577 1289 discrimine
592 1235 779 1288 transiturum.
794 1236 898 1307 Pugnd

110 1303 124 1357 i
145 1303 202 1357 itur
223 1302 370 1356 commissit
386 1302 489 1355 sensim
510 1300 616 1355 recedit
635 1337 642 1363 ,
664 1320 698 1354 ac
715 1305 898 1354 Romanorum

110 1321 200 1422 litera
210 1368 343 1439 digressu
351 1385 401 1421 suo
415 1368 507 1422 nudat.
522 1367 605 1439 Quod
615 1365 663 1419 uti
669 1366 788 1435 primum
799 1367 898 1420 Tullus

110 1436 215 1500 sensit,
234 1436 313 1488 clard
325 1453 391 1488 voce
400 1436 461 1488 suis
472 1435 617 1499 inclamat,
632 1451 682 1484 suo
690 1432 772 1503 jussu
782 1433 900 1489 circum·

109 1501 177 1556 duci
197 1501 335 1556 Albanum
361 1502 533 1565 exercitum,
563 1515 593 1552 ut
617 1497 784 1553 Fidenatum
816 1511 898 1570 terga

109 1567 233 1623 invadat.
255 1567 383 1623 Victoria
402 1571 584 1620 Romanorum
617 1564 668 1618 uit.
683 1566 825 1628 Mettius,
847 1569 898 1634 qui

107 1633 294 1704 proditionem
308 1632 515 1697 dissimularet,
536 1633 590 1686 Tul
602 1651 645 1684 um
657 1631 733 1695 adit,
753 1634 836 1702 eique
849 1632 899 1685 de-

72 1727 76 1735 ·
112 1700 199 1752 victos
215 1699 307 1754 hostes
350 1700 495 1752 ratulatur.
510 1700 549 1750 At
564 1709 675 1764 postero
695 1698 765 1762 die,
792 1699 899 1753 vocatis

110 1766 148 1818 ad
159 1764 319 1818 concionem
328 1715 461 1816 inomaus
473 1763 663 1830 Albanisque,
688 1763 788 1816 Tullus
802 1765 899 1832 prodi·

110 1831 214 1884 tionem
231 1829 336 1900 aperit,
357 1843 384 1880 et
395 1828 566 1898 proditorem
581 1827 637 1881 reli
659 1841 733 1880 atum
745 1828 819 1883 iuter
828 1831 898 1885 duos

111 1916 209 1951 currus
214 1894 372 1966 pernicibus
380 1893 459 1964 equis
470 1891 608 1947 distrahit.
649 1893 720 1947 lbani
730 1894 827 1966 diruit,
836 1899 899 1951 clun

107 1963 189 2032 pribs
202 1962 289 2032 ipsum
297 1961 425 2032 populum
437 1962 554 2033 Rotnani
561 1959 758 2015 transtulisset.

112 2095 214 2212 Nee
235 2151 287 2212 tiu
303 2171 360 2233 pax
381 2151 493 2214 Albana
511 2151 641 2228 mansit3
662 2150 774 2215 invidia
791 2153 899 2232 vulgi,

112 2231 190 2311 qubd
204 2234 300 2307 tribus
314 2233 462 2296 militibus
478 2233 595 2296 fortuna
611 2234 730 2312 publica
741 2237 900 2297 commissa

111 2313 223 2390 fuerit,
248 2333 351 2374 venum
379 2316 531 2393 ingenium
556 2314 708 2374 dictatoris
733 2318 896 2396 corrupit:

112 2406 167 2467 et,
186 2394 324 2472 quoniam
347 2405 427 2452 recta
446 2391 571 2450 consilia
594 2393 668 2452 haud
691 2393 770 2455 bene
789 2416 899 2455 evene·

105 2484 200 2547 sent,
221 2472 321 2553 pravis
344 2472 541 2532 reconciliare
566 2474 752 2553 popularium
782 2477 899 2540 animos

112 2553 213 2633 eoepit.
233 2553 351 2632 igitur,
371 2564 404 2612 ut
427 2551 508 2634 pride
525 2552 556 2611 in
574 2553 653 2613 bello
671 2575 792 2635 pacem,
808 2560 899 2620 sicin

112 2654 186 2715 pace
208 2635 320 2694 beilum
343 2642 503 2712 quaerens,
522 2634 592 2712 quia
616 2652 675 2694 sue
694 2639 810 2698 civitati
833 2642 898 2702 ani.

112 2733 229 2775 morum
255 2713 321 2793 plus
345 2713 432 2793 qubm
457 2713 562 2773 virium
584 2713 722 2775 cernebat
748 2736 835 2789 esse,
860 2721 900 2781 ad

113 2794 228 2857 bellum
241 2794 338 2876 palbm
350 2837 360 2867 ,
374 2806 463 2873 atque
476 2813 516 2853 ex
531 2794 633 2857 edicto
648 2794 808 2873 gerendum
824 2798 900 2859 alios

113 2877 248 2937 concitat·
268 2876 414 2954 populos3
439 2873 500 2934 suis
520 2893 573 2950 per
592 2874 900 2955 speciem'societatis

112 2957 315 3039 proditionem
336 2964 474 3015 sesemet.
497 2951 680 3026 Fidenates,
702 2954 821 3014 colonie
838 2956 901 3016 tto.

113 3056 221 3108 mana,
247 3032 422 3100 Veientibus
452 3033 543 3110 sociis
572 3033 689 3093 consilii
714 3035 898 3112 assumptIs,

114 3129 204 3199 pacto
216 3114 403 3178 transitionis
416 3113 596 3178 Albanorum
610 3156 619 3188 ,
635 3113 673 3173 ad
686 3109 797 3174 bellum
810 3125 900 3194 atque

115 3217 196 3260 arms
216 3198 387 3258 incitantur.

56 3282 101 3330 nit
156 3277 195 3339 11.
217 3277 295 3342 ctu
315 3275 443 3338 Fidenae
461 3275 565 3358 aperte
586 3274 771 3346 descissent,
794 3271 902 3336 Tullus

55 3340 96 3397 ¹³⁰·
115 3358 245 3441 Mettio,
266 3358 458 3442 exercituque
473 3355 588 3443 ejut'sb
601 3355 677 3423 Atha
697 3354 814 3435 accito,
828 3373 903 3453 cou-²
