2016 3780
153 192 215 265 160
368 178 711 259 T1u1L1v1'1

149 297 227 357 citus
250 290 331 355 domi
353 290 490 362 validus,
519 310 613 369 neque
640 290 818 429 durquem
842 304 942 371 oppo-

148 387 271 449 nerent,
289 383 360 434 erat.
382 368 547 444 Asdrubal,
567 366 710 449 Gisgonis
747 369 834 447 iius,
853 371 941 449 long&

148 456 262 596 primus
287 453 415 513 civitatis
440 462 517 512 erat.
548 449 605 510 Sed
631 468 699 509 eum
724 448 761 508 ab
788 448 849 509 itto
877 454 942 545 ipso

170 537 288 616 cipione
307 533 418 612 aliquot
439 531 555 613 proeliis
581 529 676 591 iusum
699 529 887 608 pulsumque
913 550 942 589 ιιι

148 613 291 694 Hispanid
307 613 522 683 meminerant3
548 628 603 670 nec
622 610 715 688 magis
738 609 854 670 ducem
874 612 941 671 duci

172 713 273 765 arem,
297 693 386 771 quam
409 689 632 750 tumultuarium
656 691 826 750 exercitum
857 708 942 751 suum

148 714 284 835 Romano
306 772 452 832 exercitui
473 788 546 832 esse.
572 771 672 850 ltaque
688 771 771 832 velut
791 771 816 828 si
835 773 941 831 urbem

148 850 302 932 extemplo
316 869 507 930 aggressurus
522 851 626 930 Scipio
638 849 732 920 foret,
752 848 794 907 ita
810 849 848 908 ad
863 872 942 911 arma

148 944 195 993 est
212 931 446 992 conclamatum:
468 940 616 1009 portaque
635 932 745 1010 raptim
763 928 897 1003 clausae,
913 942 941 990 et

148 1014 255 1074 armati
267 1014 298 1070 in
311 1013 421 1082 muris,
438 1009 614 1088 vigiliaeque
633 1020 664 1067 et
680 1008 826 1070 stationes
841 1010 942 1093 dispo·

150 1095 233 1161 sitae,
250 1112 285 1154 ac
298 1102 385 1152 nocte
397 1090 565 1168 insequenti
580 1088 735 1167 vigilatum
756 1102 816 1149 est.

189 1172 259 1235 vlt.
290 1173 412 1233 Postero
428 1170 497 1240 die,
519 1171 673 1248 quingenti
693 1169 812 1249 equites
832 1189 940 1250 specu·

149 1253 242 1313 latum
270 1253 304 1310 ad
331 1270 413 1309 mare
436 1250 655 1327 turbandosque
679 1247 879 1327 egredientes
905 1271 940 1311 ex

149 1332 273 1391 navibus
292 1331 402 1400 missi,
419 1330 609 1389 incitationes
633 1329 839 1389 Romanorum
864 1332 937 1392 inci-

150 1410 266 1471 derunt.
283 1411 352 1473 Jam
367 1410 446 1468 enim
462 1409 566 1490 Scipio
584 1410 676 1468 classe
690 1411 811 1469 Uticam
824 1413 937 1485 missi,

150 1491 216 1572 ipse
240 1490 314 1551 haud
337 1492 377 1549 ita
398 1489 522 1549 multum
545 1507 716 1568 progressus
735 1488 752 1548 ὲ
768 1491 871 1566 mari,
896 1504 936 1551 tu·

150 1571 246 1632 mulos
264 1571 414 1652 proximos
434 1581 574 1649 ceperat:
589 1570 704 1647 equites
725 1579 755 1628 et
778 1570 812 1629 in
833 1575 937 1632 statio-

149 1653 236 1711 nibus
258 1651 334 1711 locis
347 1652 464 1711 idoneis
485 1661 641 1733 posuerat,
659 1660 690 1708 et
705 1668 760 1730 per
775 1671 868 1729 agros
885 1655 938 1713 mi·

149 1744 228 1793 uerat
247 1731 423 1811 praedatum.
813 1806 816 1811 Ι
857 1770 860 1775 -
934 1770 937 1777 -

189 1810 273 1873 Vlll.
298 1811 411 1871 licum
433 1811 669 1889 Carthaginiensi
692 1810 826 1888 equitatu
854 1829 940 1894 pree:

150 1889 225 1949 lium
250 1894 317 1948 cum
338 1891 584 1959 commisissent„
601 1909 708 1969 paucos
726 1892 758 1948 in
782 1892 852 1970 ipso
877 1912 939 1953 cer·

150 1968 290 2042 tamine,
325 1969 484 2051 plerosque
512 1968 660 2047 fugientes
690 1974 844 2055 persecqti
880 1973 938 2047 (in

151 2048 257 2127 quibus
285 2049 453 2130 praefectum
481 2068 596 2128 quoque
623 2051 818 2126 Hannonem,
854 2053 937 2112 nobi·
974 2062 977 2069 ’

150 2128 208 2187 lem
242 2130 401 2209 juvenem)
430 2129 610 2190 occiderunt.
639 2127 742 2210 Scipio
765 2150 825 2191 non
850 2152 937 2210 agros

150 2209 238 2269 modo
258 2212 337 2270 circi
353 2213 497 2282 vastavit,
523 2210 573 2269 sed
589 2209 690 2268 urbem
713 2212 803 2269 etiam
831 2212 936 2293 proxi-

150 2309 229 2350 mam
257 2290 394 2351 Afrorum
425 2294 495 2349 setis
526 2286 694 2368 opulentam
726 2292 809 2370 cepit
844 2313 850 2350 :
884 2292 935 2352 nbi

150 2382 259 2451 praeter
283 2381 384 2430 cetera
403 2389 468 2448 quae
491 2367 640 2446 extemplo
665 2372 696 2427 in
719 2389 806 2430 naves
835 2391 937 2432 onem·

149 2449 208 2506 rias
232 2449 398 2526 imposita,
424 2450 573 2526 missaque
598 2450 630 2505 in
657 2448 793 2529 Siciliam
825 2464 932 2523 erant,

149 2538 218 2586 octo
242 2527 338 2586 miliia
366 2526 530 2587 liberorum
560 2546 768 2610 servorumque
799 2535 936 2612 capitum

149 2617 218 2667 eunt
235 2619 331 2688 capta.
653 2606 656 2615 '
779 2628 782 2633 ·

63 2714 135 2764 qm.
153 2714 159 2725 ’
189 2687 242 2750 ΙΧ.
263 2686 449 2748 Laetissimus
467 2698 566 2748 tamen
583 2687 723 2750 Romanis
735 2691 765 2749 in
778 2693 935 2775 principio

63 2792 88 2821 sa
105 2776 136 2822 ad
149 2785 246 2825 rerum
257 2764 451 2844 gerendarum
464 2768 602 2829 adventus
616 2768 672 2831 suit
685 2770 863 2845 Masinissae‚
881 2775 935 2854 qui

63 2850 114 2918 na·
149 2847 166 2907 i
184 2845 318 2927 Syphace
345 2849 460 2919 victus,
484 2860 514 2908 et
536 2868 628 2927 regno
649 2862 770 2930 paterno
792 2855 935 2930 ejectus,

63 2910 123 2997 ‚re-
149 2946 215 2987 cum
237 2927 504 2987 ducentis-tantum
521 2928 670 3006 equitibus
688 2944 828 2991 evaserat.
847 2933 936 2995 iliius

149 3008 239 3088 operi
267 3011 367 3089 primo
391 3011 490 3068 statim
519 3007 723 3081 beile‘iusus,
757 3013 934 3074 Hannonem

150 3087 307 3148 Amilcaris
326 3087 419 3147 filium
435 3090 598 3147 interemite
625 3088 692 3147 inde
705 3091 845 3151 omuibus
859 3091 934 3155 h'elii

150 3169 262 3228 viribus
287 3161 333 3227 ad·
349 3166 588 3247 oppugnandam
604 3168 726 3234 Uticam,
746 3176 897 3233 conversis
920 3219 930 3248 ,

151 3250 220 3308 cum
240 3248 428 3328 quadraginta
451 3247 543 3306 ferme
557 3247 625 3308 dies·
637 3248 859 3330 necquicquam
878 3273 935 3312 ex.

149 3342 250 3412 pertus
271 3338 369 3406 esset,
394 3327 554 3392 abscedere
581 3328 652 3392 inde
675 3328 761 3393 irrito
786 3332 931 3415 incepto,
