2016 3780
206 199 475 270 Nannsrro
524 190 689 265 XLIX.
733 157 833 262 '153

52 329 85 370 eo
101 286 182 379 forto
201 314 258 366 esse
275 325 286 377 ;
312 309 390 363 utod
404 303 560 361 exercitum
579 299 673 379 Scipio
690 307 836 367 moneret,

54 389 212 468 bellumque
228 397 259 443 ut
273 386 461 464 proposuisset
478 425 486 456 ,
506 388 630 459 gereret

95 487 211 553 XVIII.
238 488 302 546 lloc
336 485 416 559 lacto
442 480 730 555 senatusconsulto,
770 497 837 537 cum
874 467 966 534 Legou’

54 567 183 649 tqibunis'
194 566 291 650 plebis
303 577 399 626 actum
413 577 475 639 est,
491 575 524 635 ut
540 572 745 643 compararent
760 550 839 618 inter'
850 546 946 636 mffi‘jf

55 658 88 711 se
104 695 113 723 ,
128 657 190 708 'aut
206 659 285 708 sorte
301 645 458 724 legerent,
486 645 538 724 qui
552 643 611 702 duo
629 663 695 702 cum
713 653 838 721 praetore
853 663 899 700 rur.

55 753 89 791 ac
106 729 216 807 legatis
233 731 322 787 irent.
347 726 395 786 sd
416 724 576 803 collegium
597 721 769 805 pontificum
792 743 840 780 re-

54 812 149 871 latum
177 808 213 867 de
240 806 425 888 expiandis,
456 824 524 884 quae
546 803 651 864 Locris
679 805 709 862 in
727 802 841 883 templo

54 891 239 970 Proserpinae
252 899 346 960 tacta,
360 887 487 957 violata,
504 883 637 964 elataque
649 884 719 942 inde
731 895 838 944 essent.

57 970 183 1030 Tribuni
206 969 304 1048 plebis
328 988 395 1026 cum
420 977 545 1046 praetore
561 976 592 1023 et
609 966 711 1025 decem
733 964 841 1042 legans

58 1047 210 1129 proiecti,
238 1049 279 1107 Μ.
297 1047 440 1108 Claudius
457 1046 613 1106 Marcellus
631 1091 639 1117 ,
663 1058 692 1104 et
708 1047 749 1106 Μ.
768 1044 841 1106 Cin-

58 1130 124 1188 cius
134 1127 300 1188 Alimentus
315 1146 322 1184 :
339 1127 375 1185 iis
390 1124 482 1186 aedilis
499 1127 597 1206 plebis
611 1127 717 1200 datus,
735 1145 842 1206 quem,

59 1211 86 1269 si
103 1218 152 1268 aut
168 1209 200 1265 ln
213 1207 316 1266 steilia
329 1208 446 1286 pretori
461 1206 542 1265 dicto
557 1208 678 1267 audiens
695 1226 753 1266 non
764 1217 844 1264 esset

59 1289 186 1366 Scipio,
206 1298 256 1346 aut
272 1291 331 1364 jam
343 1289 376 1345 in
390 1285 524 1346 Africam
542 1289 728 1364 trajecisset,
750 1307 844 1367 pren·

60 1368 131 1427 dere
146 1367 257 1426 tribuni
274 1365 430 1444 juberent,
453 1385 487 1426 ac
499 1369 562 1445 jure
579 1363 774 1429 sacrosanctae
788 1387 844 1447 po-

62 1448 175 1506 testatis
196 1447 379 1506 reducerent.
407 1446 491 1504 Prius
514 1447 625 1508 Locros
646 1447 691 1508 ire
714 1491 723 1520 ,
756 1447 845 1526 quim

62 1528 250 1598 Messanam,
272 1525 426 1585 consilium
443 1536 514 1585 erat.

102 1631 189 1693 th.
217 1629 294 1693 Cirm
319 1630 413 1708 igitur
439 1629 646 1704 Pleminium,
675 1641 704 1692 et
725 1652 792 1692 cum
810 1650 847 1691 eo
888 1618 969 1692 Saone

61 1711 217 1773 seditionis
234 1713 413 1792 principes,
439 1712 472 1770 in
491 1723 606 1774 catenas
626 1714 821 1791 conjecissent
838 1699 956 1791 ,sfili‘

60 1795 187 1876 primam
201 1836 210 1866 ,
237 1793 325 1852 sicuti
339 1790 506 1853 mandatum
519 1805 601 1868 eret,
624 1794 778 1873 religionis
795 1814 845 1855 su·
858 1802 938 1853 sonnis

53 1893 126 1933 ram
141 1871 279 1932 habulro.
294 1873 422 1933 Omnem
438 1874 518 1934 enim
536 1893 652 1935 sacram
670 1876 844 1956 pecuniam,
856 1866 962 1936 grosci-

63 1958 189 2030 quaeque
205 1952 281 2032 apud
298 1951 497 2026 Pleminium,
511 1975 632 2033 queque
644 1955 722 2036 apud
733 1918 978 2049 militeslffiuiff’

64 2040 149 2101 erat,
176 2034 375 2110 conquisitam
392 2074 401 2104 ,
432 2051 499 2092 cum
520 2032 554 2092 eei
571 2053 658 2111 quam
670 2037 730 2114 ipsi
746 2055 847 2097 secum

63 2109 241 2183 attulerant,
267 2114 298 2169 in
322 2113 469 2171 thesauris
490 2126 707 2194 reposuerunt,
726 2135 759 2176 ac
783 2118 849 2198 pia·

63 2189 163 2251 colare
176 2209 290 2250 sacrum
304 2189 448 2255 lecerunt.

104 2295 174 2358 XX.
207 2293 285 2379 Tum
314 2308 432 2365 uocatos
460 2295 497 2358 ad
528 2299 703 2361 concionem
733 2301 850 2375 milites
890 2338 905 2399 p

63 2387 173 2458 pretor
195 2376 379 2461 signa‘extrl
407 2378 509 2439 urbem
530 2379 636 2442 efferre
651 2382 759 2462 jubet,
787 2403 851 2445 cas-

64 2465 179 2546 traque
200 2457 360 2541 incampo
380 2458 460 2519 locat
481 2503 491 2533 ,
520 2479 588 2535 cum
608 2464 691 2541 gravi
715 2460 813 2525 edicto
838 2509 850 2538 ,

64 2536 177 2621 s13q'uis
191 2535 284 2605 miles
292 2549 343 2597 aut
357 2538 390 2596 in
413 2539 484 2598 urbe
498 2544 657 2603 restitisset
677 2554 726 2603 aut
748 2560 850 2606 secum
880 2601 885 2609 .

65 2615 321 2699 extulissethuod
342 2637 428 2677 suum
443 2639 500 2679 non
516 2635 606 2682 esset.
624 2624 804 2686 Locrensibus
816 2647 849 2685 se

62 2698 228 2775 permittere
244 2739 253 2770 ,
275 2709 306 2758 ut
318 2701 452 2779 quod'sui
463 2705 577 2784 quisque
593 2718 761 2782 cognoscet,
782 2728 849 2786 pre·

65 2775 198 2836 lrenderet
222 2798 234 2848 ,·
263 2780 290 2836 si
317 2781 386 2858 quid
402 2802 456 2838 non
469 2798 675 2865 compareret,
699 2799 849 2867 repeteret.

66 2853 140 2916 Anti
159 2859 274 2930 omnio,
303 2857 391 2918 libero
416 2882 529 2942 corporo
549 2864 663 2944 placere
687 2871 746 2927 sine
769 2889 849 2929 mora

67 2929 250 3025 Locrensibus
263 2941 388 3013 restitui.
398 2941 459 3000 Non
472 2942 525 3023 leri
542 2949 736 3016 defuncturum
747 2948 826 3026 puni
838 2990 851 3019 ,

68 3018 116 3096 qui
136 3038 189 3074 non
209 3020 385 3099 restituisset.
403 3019 597 3101 Locrensium
614 3026 719 3085 deinde
733 3028 852 3088 concio·

68 3113 138 3153 nem
151 3093 252 3154 habuit
272 3142 281 3170 ,
302 3109 387 3186 atqup
401 3104 436 3162 iis
456 3103 615 3167 libertatem
638 3106 769 3188 legesque
782 3102 872 3166 suos*
933 3100 939 3107 ’

66 3175 199 3270 populum
219 3176 370 3251 Romanum
389 3195 570 3266 senqtumque
590 3182 738 3265 restituere
761 3186 850 3247 dixit.

74 3252 163 3335 Srqur
182 3254 370 3333 Pleminium,
395 3261 514 3326 aliumue
536 3289 616 3347 quem
640 3291 770 3328 accusare
794 3269 852 3327 oel-

72 3333 137 3408 lct‚
156 3336 292 3417 llleqium
306 3362 338 3401 se
351 3353 521 3425 sequeretur.
537 3348 591 3410 ·Sr'
606 3352 640 3411 de
665 3348 700 3426 PL
723 3352 852 3437 Scipione

670 3446 731 3509 Gn
