2016 3780
154 197 174 237 μ
197 170 470 238 Nunnurro
517 156 676 232 XLIV.
781 164 847 234 1'05

59 276 168 336 hostes.
189 275 271 353 Quos
286 270 336 328 ubi
355 268 462 328 ellusos
482 265 592 327 consul«
609 265 712 335 videt,
727 265 845 325 tribuno

53 355 188 415 ›mitit-um
202 350 429 429 ter‘tiaelegionis
440 349 474 410 C.
486 345 686 407 Aurunculeio
700 346 844 424 imperat,

60 449 90 494 ut
103 436 216 512 equites
233 426 358 510 legionis
372 441 481 508 quanto
500 427 630 487 maximo
647 428 761 506 impetu
776 447 846 508 pos-

60 519 117 584 sit,
133 517 165 572 iu
177 514 291 572 hostem
303 513 430 570 emittat.
448 510 491 569 tta*
506 530 633 590 pecorum
648 511 726 567 modo
741 511 846 567 incom-

57 601 167 677 poeitos
183 607 241 652 toto
250 596 358 673 possim
374 612 470 673 campo
483 593 647 663 cesuline,
661 602 691 648 ut
705 589 846 650 1111111111-

59 682 166 757 terique
180 718 187 745 ‚
206 674 364 756 priusqudm
383 676 559 731 instruuntur
570 714 579 743 ‚
589 673 706 746 possint.

51 777 54 780 ·
99 759 138 820 X.
154 754 289 814 Nondtlm
313 751 476 813 Annibale
502 750 606 811 castris
633 753 761 826 exierat,
776 752 843 813 clun
857 733 908 843 ⁶0ss
908 751 978 842 ''282¹“

58 835 250 923 pugnantium
274 832 432 894 clamorem
454 831 573 891 audivit.
601 831 703 911 ltaque
728 837 844 894 excitus
856 813 940 909 fimf

59 918 208 988 tumultu,
229 918 336 995 raptim
360 913 398 974 ad
424 913 541 978 hostem
566 912 666 992 copias
683 918 755 991 egit.
775 917 845 980 Jam

59 1004 173 1082 primos
194 1006 390 1073 occupaverat
413 993 557 1073 equestris
588 1005 693 1052 terror.
710 993 846 1056 Peditum

61 1082 151 1138 etiam
179 1077 275 1157 prima
290 1076 391 1152 legi0,
410 1086 438 1132 et
454 1073 560 1132 dextra
573 1071 616 1134 ale
632 1075 766 1153 prelium
786 1079 846 1135 ini-

60 1161 139 1219 bant.
155 1157 349 1235 incompositi
373 1154 488 1226 hostes,
514 1165 701 1235 utquemque
719 1168 769 1215 aut
791 1177 846 1238 pe-

62 1241 138 1311 diti,
156 1248 206 1296 eut
225 1237 320 1314 equiti
351 1253 436 1294 cesus
462 1235 571 1292 obtulit
592 1279 600 1306 ‚
627 1235 669 1296 ita
690 1249 848 1297 conserunt

62 1336 174 1379 manus.
199 1317 315 1378 Crescit
337 1335 433 1394 pugne
456 1314 616 1387 subsidiis,
630 1327 848 1396 etprocurren·

62 1402 137 1458 tium
162 1395 194 1456 ad
212 1408 359 1454 certamen
374 1414 495 1454 numero
511 1407 635 1472 augetur
650 1417 655 1454 :
669 1411 847 1476 pugnantes-

63 1500 120 1559 que
135 1483 148 1556 (
162 1477 312 1557 quodnisi
326 1478 358 1532 in
381 1485 479 1533 vetere
493 1476 648 1547 exercitu,
667 1488 696 1534 et
712 1479 779 1538 duci
798 1502 849 1538 ve-

64 1562 121 1618 teri
137 1558 212 1617 baud
220 1555 307 1616 facile
319 1565 363 1613 est
376 1557 388 1628 )
399 1557 479 1631 inter
489 1554 645 1613 tumultum
660 1576 694 1616 ac
707 1554 849 1620 terrorem

62 1641 249 1699 instruxisset
266 1634 395 1695 Annibal
412 1679 421 1707 ‚
436 1637 467 1693 ni
484 1635 649 1694 cohortium
665 1656 698 1696 ac
712 1641 849 1720 manipu.

63 1721 158 1779 lorum
182 1716 400 1779 decurrentium
419 1736 473 1797 per
489 1713 581 1776 colles
593 1714 703 1776 clamor
715 1719 750 1778 ab
765 1729 852 1797 tergo

63 1802 200 1873 auditus,
215 1811 326 1858 metum
340 1840 350 1869 ,
363 1818 400 1854 ne
415 1795 683 1872 intercluderentur
697 1797 713 1857 ὲ
728 1803 850 1875 castris,

62 1885 224 1962 injecisset.
254 1878 325 1939 Inde
354 1886 445 1956 pstor
461 1883 617 1950 incussus,
642 1889 672 1936 et
698 1879 766 1958 fuga
783 1892 850 1960 pas-

65 1967 122 2022 sim
138 1963 203 2020 fieri
219 1972 317 2041 coepta
334 1969 388 2016 est.
407 1959 563 2035 Minorque
579 1959 670 2018 caedes
687 1960 763 2031 luit,
780 1964 852 2040 quie

65 2043 273 2120 propinquitas
288 2048 450 2100 castrorum
472 2040 637 2096 breviorem
662 2038 760 2116 fugam
782 2063 853 2123 per-

64 2119 155 2181 culsis
172 2121 254 2181 lecit.

106 2201 161 2264 Xl.
187 2202 266 2260 luter
298 2198 359 2256 haec
384 2196 419 2255 ab
453 2192 637 2269 Asdrubale,
659 2201 847 2280 postquami
877 2181 980 2270 -ln'mf‘

52 2283 223 2344 ¹Placentiae
243 2278 400 2338 obsidione
426 2276 595 2350 abscessit,
618 2292 742 2358 quatuor
766 2259 957 2351 Gallifiiiiil

64 2366 205 2443 equites,
221 2359 279 2418 duo
301 2356 436 2418 Numidae
452 2378 518 2415 cum
540 2356 647 2419 litteris
664 2360 700 2420 ed
717 2362 847 2423 Anniba·
861 2361 920 2409 tatis
939 2363 984 2411 tie

65 2445 123 2521 lem
137 2442 241 2511 missi,
254 2440 322 2500 cium
334 2437 515 2519 permedioe
531 2439 628 2501 hostes
646 2454 734 2502 toturn
754 2443 847 2504 ferme
861 2434 927 2503 ,Μ’

65 2523 282 2599 longitudinem
300 2520 394 2580 tutiae
405 2521 516 2577 emensi
533 2533 629 2580 esseut
644 2569 652 2595 ‚
669 2523 737 2584 dum
754 2526 849 2585 Meta-

63 2614 187 2687 pontum
216 2601 369 2660 cedentem
401 2600 575 2660 Annibalem
605 2609 851 2684 sequuntur‚irn

64 2689 155 2745 certis
181 2683 338 2743 itineribus
354 2679 515 2739 Tarentum
529 2681 638 2755 dolati,
664 2686 679 2745 {a
696 2688 780 2763 rogis
797 2706 854 2767 per

66 2786 152 2845 agros
174 2762 395 2845 pabulatoribus
412 2759 554 2822 Romanis
575 2765 609 2840 ml
635 2765 673 2843 Q.
693 2767 852 2829 Claudium

64 2858 278 2928 propraetorem
297 2841 490 2902 deducuntur.
514 2843 589 2904 Eum
607 2848 708 2928 primb
725 2842 853 2913 incertia·

65 2929 253 3008 implicantes
275 2925 447 3004 responsis,
469 2935 501 2982 ut
520 2937 615 2988 metus
633 2940 853 2992 tormentorum

66 3008 197 3066 admotus
225 3006 313 3065 fateri
335 3025 402 3064 vera
418 3005 535 3083 coegit,
552 3007 751 3082 edocuerunt,
763 3011 853 3072 tine-

67 3105 115 3145 ras
139 3106 170 3144 se
191 3087 226 3143 ab
244 3087 404 3146 Asdrubale
426 3085 462 3144 ad
478 3089 653 3150 Annibalem
670 3091 757 3152 ferre.
772 3094 853 3154 Cum

25 3232 28 3238 ⁴
67 3169 106 3225 iis
119 3165 246 3237 litteris,
264 3170 336 3227 sicut
358 3180 442 3226 era-nt
460 3213 468 3240 ‚
488 3170 610 3247 signatis
628 3171 685 3243 ‚·L.
709 3172 856 3250 virginio

66 3249 186 3310 tribuno
210 3245 338 3307 militum
360 3248 490 3311 ducendi
507 3253 541 3313 ed
557 3243 714 3314 Claudium
741 3272 850 3312 consu-

66 3328 126 3386 lem
148 3328 311 3391 traduntur.
336 3329 411 3391 Duae
432 3335 528 3399 simul
545 3339 645 3399 turine
669 3332 852 3398 Samnitium

66 3407 455 3492 presttttcaut.missae..'
709 3415 770 3478 El
859 3424 863 3428 ’
877 3420 948 3552 ¹
