2016 3780
233 139 522 211 Narrarre
570 139 769 211 XXXII.
836 151 898 216 181

160 244 211 307 Vl.
231 245 371 305 Ceterum
384 263 492 322 exque
508 242 559 302 die
577 245 635 303 dux
657 257 702 305 est
717 245 897 319 declaratus,
921 253 1004 304 Annii

120 321 202 382 velut
224 323 310 383 ltalia
332 325 371 399 ei
389 326 540 403 provincia
567 323 705 398 decreta,
730 325 903 404 bellumque
914 315 998 385 ΨΜ

123 403 288 464 Romanum
307 403 474 463 mandatum
489 416 585 476 esset,
605 405 682 462 nihil
696 404 902 486 prolatandum

915 381 1001 440 rufam

915 434 934 482 S
972 451 1001 480 un

122 495 221 556 ratus,
243 504 279 543 ne
297 503 329 543 se
347 503 488 562 quoque,
512 495 543 543 ut
564 495 678 564 patrem
696 488 876 546 Amilcarem
893 453 1004 557 ,ridges

121 561 226 636 deinde
250 563 461 634 Asdrubalem,
482 575 669 624 cunctantem
692 586 776 626 casus
794 555 980 644 aliquis.‘¹¹¹'‘·¹

122 644 322 723 opprimeret,
347 643 517 721 Saguntinis
534 643 645 704 inferre
665 645 775 706 bellurn
790 648 902 706 statuit.

123 723 239 802 Quibus
260 721 466 805 oppugnandis
486 725 555 801 quia
573 724 756 786 hauddubie
774 726 905 786 Humana

122 821 200 862 arma
215 806 409 879 movebantur
426 849 434 877 ‚
457 804 488 860 in
508 804 656 864 Olcadum
672 804 745 866 fines
763 809 846 887 priris
862 808 906 865 in-

121 879 208 942 duxit
226 882 390 945 exercitum
407 927 416 956 ,
436 894 469 941 ut
492 903 551 941 nou
575 887 684 965 petisse
704 887 901 964 Saguntinos,

122 960 177 1024 sed
192 983 289 1024 rerum
312 966 415 1036 serie,
439 961 576 1023 finitimis
598 966 719 1024 domitis
741 967 903 1044 gentibus,

79 1105 84 1108 ,
124 1044 173 1122 (1)
193 1043 419 1123 iungendoque,
440 1055 550 1104 tractus
571 1045 604 1102 ad
629 1046 658 1104 id
682 1045 793 1104 bellurn
811 1046 905 1104 videri

123 1135 232 1205 posset.
261 1124 354 1186 Urbes
381 1121 524 1202 plurimas
556 1136 707 1203 expugnat
730 1125 904 1204 diripitque.

124 1205 193 1284 Quo
209 1215 288 1264 metu
303 1203 446 1285 perculsae
465 1203 557 1275 aliae,
576 1204 722 1286 stipendio
739 1208 908 1285 composito

125 1285 284 1365 imperium
305 1283 468 1362 accepere:
489 1295 518 1342 et
537 1286 594 1360 jam
618 1287 718 1344 omnia
740 1295 818 1344 trans
837 1285 907 1345 lbe-

126 1383 192 1423 rum
212 1373 358 1443 ,praeter
387 1362 562 1439 Saguntinos
583 1409 593 1439 ,
626 1365 907 1443 Carthaginensium

124 1455 219 1504 erant.

168 1534 236 1599 vlt.
261 1533 337 1596 Cum
353 1532 521 1610 Saguntinis
541 1533 653 1594 bellum
677 1535 803 1594 nondum
820 1545 882 1594 erat
898 1555 907 1594 z

131 1621 263 1676 ceterum
287 1618 346 1696 jam
371 1613 442 1674 belli
464 1613 549 1674 causi
569 1616 729 1676 certamina
750 1633 817 1674 cum
838 1614 911 1685 lini-

130 1697 213 1757 timis
234 1697 423 1767 serebantur,
441 1696 570 1754 maxime
588 1694 774 1756 Turdetanis.
793 1695 910 1775 Quibus

130 1779 199 1838 cbm
224 1777 336 1838 adesset
359 1775 463 1847 idem,
490 1777 541 1854 qui
566 1775 627 1835 litis
648 1787 711 1835 erat
734 1786 834 1849 sator,
853 1791 910 1834 nec

129 1869 278 1920 certamen
293 1857 387 1937 juris,
407 1854 457 1916 sed
479 1857 538 1914 vim
562 1857 659 1936 quaeri
681 1866 852 1936 appareret,
868 1855 912 1914 le·

130 1939 192 2016 gati
214 1940 230 1996 a
252 1936 422 2015 Saguntinis
442 1934 565 1994 Romam
587 1937 693 2007 missi,
716 1935 859 1994 auxilium
875 1933 919 1993 ad*

131 2017 242 2076 bellurn
257 2014 407 2096 jamhaud
420 2013 514 2073 dubie
527 2016 684 2074 imminens
695 2026 822 2074 orantes.
836 2014 914 2075 Con·

134 2095 234 2168 eules,
258 2098 305 2171 (2)
322 2094 389 2152 clun
407 2093 510 2168 legatis
527 2094 559 2151 in
574 2104 707 2154 senatum
719 2092 912 2164 introductis,

135 2175 171 2234 de
198 2173 351 2253 republica
371 2171 567 2245 retulissent,
591 2170 809 2251 placuissetque
833 2172 915 2231 mitti

132 2258 248 2333 legatos
271 2256 303 2312 in
324 2251 495 2332 Hispaniam
519 2249 554 2309 ad
576 2270 623 2312 res
645 2252 793 2311 sociorum
819 2252 916 2334 inspi-

133 2334 275 2405 ciendas,
298 2332 403 2412 quibus
427 2332 452 2390 si
470 2329 620 2390 videretur
643 2330 730 2409 digna
752 2340 860 2404 causa,
884 2340 917 2403 et

133 2415 271 2479 Annibali
286 2412 497 2473 denunciarent
508 2424 522 2484 ¹,
545 2422 577 2472 ut
594 2411 630 2471 ab
640 2412 810 2488 Saguntinis
822 2411 916 2472 sociis

133 2496 242 2579 pupuli
258 2493 383 2554 Romani
397 2492 578 2563 abstineret,
603 2503 633 2550 et
657 2491 865 2569 Carthaginem
880 2493 915 2552 in

135 2576 268 2638 Africam
286 2575 476 2652 trajicerent,
499 2590 534 2630 ac
555 2572 703 2631 sociorum
727 2570 831 2651 populi
857 2570 917 2631 tto.

135 2657 216 2716 mani
248 2654 446 2734 querimonias
472 2650 621 2710 deferrent
645 2670 652 2708 :
684 2649 739 2711 hac
765 2654 916 2730 legatione

134 2735 255 2798 decretl
281 2732 404 2794 necdum
425 2729 533 2802 missi,
558 2730 688 2790 omnium
711 2749 764 2813 spe
786 2730 919 2809 celeribs

132 2817 292 2897 Saguntum
313 2813 480 2896 oppugnari
499 2810 617 2872 allatum
638 2823 692 2871 est.

170 2991 180 3022 r
207 2967 442 3047 (Iungendopne)
468 2965 507 3019 Ut
573 2961 916 3031 a(Cbm,..derepnblr'cae

39 3095 41 3100 ,
136 3032 509 3114 partisbelloregiombusjuu-
541 3031 726 3094 retulissent)
749 3027 816 3082 cum
837 3043 916 3078 sena-

137 3101 389 3174 geretSagunnnum
402 3116 508 3170 agrum,
542 3099 641 3150 toribus
651 3095 845 3173 deliberandum
853 3110 916 3172 pro3

136 3173 182 3238 qui
214 3171 344 3222 Punicum
369 3168 521 3236 imperium
542 3165 711 3231 posuissent,
735 3161 797 3236 qurd
817 3175 846 3210 m
867 3159 915 3214 tals

138 3236 331 3305 quodammodo
346 3236 511 3290 denormatu-
543 3249 570 3286 re
581 3243 651 3291 esset
662 3230 677 3279 ὲ
687 3225 833 3292 republlcar

140 3319 182 3355 m·
192 3315 255 3359 Ome
