2062 3786
210 155 499 229 Nanaarro
548 147 698 223 Lvlt.
785 178 850 244 199

62 258 193 333 videret,
209 256 248 322 ad
262 261 392 321 Prusiam
406 257 579 333 contendit,
594 261 704 338 eique,
721 257 754 316 in
769 257 849 318 bello

64 344 202 404 adversis
227 342 411 412 Eumenem,
443 342 548 419 utilem
574 360 694 420 operam
711 339 847 397 navavit.

63 423 107 483 Ad
124 424 203 484 hunc
222 441 324 500 regem
346 422 462 498 legatus
478 421 514 481 T.
533 421 674 497 Quintius
687 419 850 491 Flaminius

64 505 166 575 venit,
187 522 274 581 quem
292 512 463 581 suspectum
480 496 640 572 Romanis,
662 511 691 575 et
713 510 852 578 receptus

65 594 133 664 pust
155 583 255 662 fugam
275 581 416 642 Antiochi
440 580 586 652 Annibal,
615 593 645 640 et
668 578 779 640 bellum
801 577 852 649 ad·

22 675 24 691 '
66 663 176 724 vershs'
195 664 359 724 Eumenem
387 671 502 721 motum
526 661 653 721 faciebat
667 687 676 734 3
703 660 773 732 ibi,
800 677 854 719 seu

67 746 138 823 quia
153 745 169 804 h
186 743 333 804 Flaminio
354 744 433 803 inter
454 753 556 802 cetera
575 743 729 820 objectum
744 740 855 811 Prusiae,
921 754 926 759 ·

67 835 130 884 erat
144 867 152 895 ,
172 823 324 883 hominem
338 822 471 882 omnium
485 824 537 902 qui
551 824 682 883 viverent
694 817 856 882 infestissi-

67 922 148 966 mum
158 905 411 986 populoRomano
423 903 502 983 apud
516 923 585 963 eum
595 923 678 975 esse,
692 903 744 982 qui
753 902 857 982 patriae

69 1000 129 1045 suae
145 985 297 1064 primum,
321 983 429 1044 deinde
445 983 549 1043 fractis
565 986 628 1063 ejus
644 985 750 1064 opibus
764 1026 782 1056 ,¹
795 984 858 1041 An-

69 1063 859 1146 tiochoregiauctorbelliadversirspopulumRoma·

69 1166 141 1206 uum
159 1144 284 1221 luisset,
301 1165 353 1205 seu
369 1145 436 1224 quia
452 1144 518 1225 ipse
531 1147 647 1205 Prusias
660 1156 693 1204 ut
704 1141 858 1224 gratifica-

23 1257 28 1265 ·
69 1236 152 1288 retur
166 1226 308 1304 praesenti
325 1224 495 1298 Flaminio,
513 1226 732 1304 Romanisque,
756 1241 859 1306 perse

68 1308 192 1377 necandi
215 1319 265 1366 aut
287 1305 418 1366 tradendi
434 1308 497 1383 ejus
511 1307 544 1364 in
561 1316 737 1388 potestatem
759 1304 860 1365 consi*

69 1388 145 1448 lium
157 1388 253 1522 cepit.
277 1389 300 1445 A
316 1389 416 1467 primo
426 1387 578 1466 colloquio
589 1387 731 1450 Flaminii
746 1383 868 1444 milites'

71 1468 227 1546 extempb
253 1465 290 1526 ad
306 1467 435 1526 domum
458 1467 611 1528 Annibalis
635 1464 861 1528 custodiendam

71 1548 249 1608 missisunt.

113 1627 199 1689 Xlll.
230 1626 353 1707 Semper
367 1626 464 1701 ratem
484 1627 598 1701 exitum
622 1628 692 1687 vitae
715 1647 778 1689 sum
799 1627 862 1684 An-

72 1707 155 1768 nibal
169 1718 360 1788 prospexerat
377 1711 496 1780 anim0,
516 1719 545 1768 et
562 1710 761 1769 Romanorum
777 1709 863 1765 inex-

70 1789 186 1872 piabile
194 1788 296 1848 odium
306 1790 338 1848 in
348 1808 531 1863 secernens,
545 1802 575 1850 et
588 1787 656 1848 fidei
672 1808 772 1868 regum
786 1785 866 1859 nihil

73 1871 143 1933 sane
157 1866 306 1940 confisus,
325 1869 434 1930 Prusiae
450 1871 520 1933 vero
531 1873 687 1931 levitatem
705 1872 794 1929 etiam
813 1887 865 1925 ex-

74 1960 176 2031 pertus
191 1961 265 2009 erat.
285 1949 426 2010 Flaminii
449 1971 564 2028 quoque
581 1952 762 2025 adventum,
784 1945 866 2004 velul

74 2026 270 2103 fatalem-sibi
288 2029 452 2102 horruerat.
484 2029 529 2088 Ad
554 2031 653 2087 omnia
674 2029 802 2108 undique
818 2018 868 2085 inl
937 2026 941 2031 '

76 2107 171 2180 festa,
191 2119 224 2166 ut
238 2110 297 2166 iter
312 2129 430 2188 semper
442 2107 564 2188 aliquod
577 2121 776 2189 praeparatum
792 2106 869 2185 lugd

77 2189 221 2262 haberet,
242 2198 356 2267 septem
372 2190 469 2250 exitus
486 2192 503 2249 ὸ
517 2189 605 2248 domo
621 2187 732 2250 fecerat
747 2210 754 2247 ·.
769 2209 808 2247 ex
820 2186 869 2249 his

78 2267 220 2352 quosdam
238 2267 394 2343 occultos,
416 2291 453 2330 ne
467 2271 598 2331 custodia
614 2271 792 2351 sepirentur.
812 2264 870 2327 Sed

79 2369 169 2431 grave
190 2349 352 2430 imperium
368 2348 505 2430 Regum,
528 2351 606 2411 nihil
625 2352 873 2430 inexploratum,

59 2454 64 2463 ·
79 2429 158 2512 quod
173 2430 347 2511 investigari
362 2430 485 2506 volunt,
503 2430 604 2493 efficit.
629 2431 735 2492 Totius
757 2430 871 2489 circui-

81 2522 146 2571 tum
162 2509 265 2570 domlls
276 2510 320 2571 ita
331 2512 474 2574 custodiis
490 2512 640 2596 complexi
653 2523 719 2573 sunt
732 2556 740 2585 ‚
755 2522 787 2571 ut
798 2508 873 2591 iude

82 2609 172 2651 nemo
188 2590 266 2650 elabi
281 2603 392 2672 posset.

124 2670 208 2735 XlV.
231 2670 378 2747 Annibal,
401 2672 507 2753 posteb
532 2690 617 2753 quam
634 2683 680 2734 est
695 2671 873 2733 nunciatum

82 2751 198 2816 milites
210 2754 309 2831 regios
323 2754 515 2818 investibulo
529 2774 593 2815 esse
607 2797 616 2825 ,
635 2752 776 2834 postico,
792 2746 873 2831 quod

83 2833 202 2895 devium
233 2836 393 2915 maxime,
429 2847 516 2914 atque
544 2831 741 2896 occultissimi
774 2832 873 2893 exitus

85 2926 171 2986 erat,
196 2913 300 2994 lugere
322 2925 469 2990 conatus,
499 2925 532 2977 ut
554 2916 585 2975 id
607 2934 724 2995 quoque
748 2930 875 2975 occursu

87 2997 221 3056 militum
256 2996 413 3078 obseptum
447 2998 571 3071 sensit,
607 3008 638 3054 et
666 2994 766 3055 omnia
794 2995 877 3055 circa

88 3079 186 3139 clausa
222 3075 375 3154 dispositis
409 3077 554 3140 custodiis
592 3097 656 3138 esse
681 3121 691 3150 ,
729 3094 877 3135 venenum

89 3155 192 3238 (quod
211 3156 303 3216 multo
324 3169 391 3216 ante
406 3169 600 3238 preparatum
622 3157 659 3216 ad
684 3157 759 3215 tales
785 3154 877 3214 habe-¹

26 3250 33 3257 ‘
89 3239 141 3298 bat
162 3239 270 3313 casua)
292 3241 439 3318 poposcit.
461 3239 644 3315 liberemus,
665 3237 785 3314 inquit,
811 3238 877 3295 atri·-

66 3319 175 3391 werna
191 3319 257 3380 cord
270 3319 408 3405 populum
430 3319 609 3404 Romanum,
625 3322 736 3402 quando
758 3322 877 3399 mortem

691 3397 748 3474 tt
