<?xml version="1.0" encoding="UTF-8"?>
<!DOCTYPE html PUBLIC "-//W3C//DTD XHTML 1.0 Transitional//EN"
    "http://www.w3.org/TR/xhtml1/DTD/xhtml1-transitional.dtd">
<html xmlns="http://www.w3.org/1999/xhtml" xml:lang="en" lang="en">
 <head>
  <title>
</title>
<meta http-equiv="Content-Type" content="text/html;charset=utf-8" />
  <meta name='ocr-system' content='tesseract 3.04.00' />
  <meta name='ocr-capabilities' content='ocr_page ocr_carea ocr_par ocr_line ocrx_word'/>
</head>
<body>
  <div class='ocr_page' id='page_1' title='image "./selectaetitoliv00livygoog_0214.png"; bbox 0 0 2016 3780; ppageno 0'>
   <div class='ocr_carea' id='block_1_1' title="bbox 104 70 878 221">
    <p class='ocr_par' dir='ltr' id='par_1_1' title="bbox 104 70 878 221">
     <span class='ocr_line' id='line_1_1' title="bbox 104 70 878 221; baseline 0.003 -23"><span class='ocrx_word' id='word_1_1' title='bbox 104 70 111 80; x_wconf 89' lang='lat'><strong>·</strong></span> <span class='ocrx_word' id='word_1_2' title='bbox 207 129 491 206; x_wconf 70' lang='lat' dir='ltr'><strong><em>Nunnnsuo</em></strong></span> <span class='ocrx_word' id='word_1_3' title='bbox 539 126 737 197; x_wconf 90' lang='lat' dir='ltr'>XXXV.</span> <span class='ocrx_word' id='word_1_4' title='bbox 810 154 878 221; x_wconf 70' lang='lat' dir='ltr'><strong><em>sup</em></strong></span> 
     </span>
    </p>
   </div>
   <div class='ocr_carea' id='block_1_2' title="bbox 48 227 921 1428">
    <p class='ocr_par' dir='ltr' id='par_1_2' title="bbox 48 227 921 1428">
     <span class='ocr_line' id='line_1_2' title="bbox 87 227 878 312; baseline -0.014 -18"><span class='ocrx_word' id='word_1_5' title='bbox 87 236 147 294; x_wconf 86' lang='lat' dir='ltr'><strong><em>eine</em></strong></span> <span class='ocrx_word' id='word_1_6' title='bbox 163 233 223 293; x_wconf 79' lang='lat' dir='ltr'><strong><em>otte</em></strong></span> <span class='ocrx_word' id='word_1_7' title='bbox 240 232 360 292; x_wconf 79' lang='lat' dir='ltr'><strong><em>humant</em></strong></span> <span class='ocrx_word' id='word_1_8' title='bbox 375 252 426 310; x_wconf 89' lang='lat' dir='ltr'><strong><em>ope</em></strong></span> <span class='ocrx_word' id='word_1_9' title='bbox 438 273 446 302; x_wconf 92' lang='lat'>,</span> <span class='ocrx_word' id='word_1_10' title='bbox 458 227 631 290; x_wconf 83' lang='lat' dir='ltr'><strong><em>committere</em></strong></span> <span class='ocrx_word' id='word_1_11' title='bbox 649 252 682 289; x_wconf 88' lang='lat' dir='ltr'><strong><em>oe</em></strong></span> <span class='ocrx_word' id='word_1_12' title='bbox 698 231 758 306; x_wconf 83' lang='lat'><strong><em>(3)</em></strong></span> <span class='ocrx_word' id='word_1_13' title='bbox 771 232 878 312; x_wconf 67' lang='lat' dir='ltr'><strong><em>prosit.</em></strong></span> 
     </span>
     <span class='ocr_line' id='line_1_3' title="bbox 84 312 875 393; baseline 0 -20"><span class='ocrx_word' id='word_1_14' title='bbox 84 335 158 393; x_wconf 72' lang='lat' dir='ltr'><strong><em>gone</em></strong></span> <span class='ocrx_word' id='word_1_15' title='bbox 175 312 278 372; x_wconf 81' lang='lat' dir='ltr'><strong><em>beilum</em></strong></span> <span class='ocrx_word' id='word_1_16' title='bbox 300 333 311 383; x_wconf 87' lang='lat'><em>;</em></span> <span class='ocrx_word' id='word_1_17' title='bbox 335 332 412 383; x_wconf 85' lang='lat' dir='ltr'><strong><em>nos,</em></strong></span> <span class='ocrx_word' id='word_1_18' title='bbox 444 313 493 391; x_wconf 77' lang='lat' dir='ltr'><strong><em>qui</em></strong></span> <span class='ocrx_word' id='word_1_19' title='bbox 516 315 663 369; x_wconf 79' lang='lat' dir='ltr'><strong><em>seeunddm</em></strong></span> <span class='ocrx_word' id='word_1_20' title='bbox 683 314 750 370; x_wconf 86' lang='lat' dir='ltr'><strong><em>deos</em></strong></span> <span class='ocrx_word' id='word_1_21' title='bbox 776 313 875 373; x_wconf 79' lang='lat' dir='ltr'><strong><em>violati</em></strong></span> 
     </span>
     <span class='ocr_line' id='line_1_4' title="bbox 86 389 825 470; baseline -0.005 -18"><span class='ocrx_word' id='word_1_22' title='bbox 86 415 208 465; x_wconf 80' lang='lat' dir='ltr'><strong><em>eumue,</em></strong></span> <span class='ocrx_word' id='word_1_23' title='bbox 235 392 412 452; x_wconf 86' lang='lat' dir='ltr'><strong><em>commissum</em></strong></span> <span class='ocrx_word' id='word_1_24' title='bbox 430 412 464 448; x_wconf 88' lang='lat' dir='ltr'><strong><em>oe</em></strong></span> <span class='ocrx_word' id='word_1_25' title='bbox 475 389 666 470; x_wconf 81' lang='lat' dir='ltr'><strong><em>profligatum</em></strong></span> <span class='ocrx_word' id='word_1_26' title='bbox 682 393 825 464; x_wconf 87' lang='lat' dir='ltr'><strong><em>conficere.</em></strong></span> 
     </span>
     <span class='ocr_line' id='line_1_5' title="bbox 128 468 878 552; baseline -0.001 -18"><span class='ocrx_word' id='word_1_27' title='bbox 128 471 181 534; x_wconf 90' lang='lat' dir='ltr'><strong><em>VI.</em></strong></span> <span class='ocrx_word' id='word_1_28' title='bbox 208 471 310 552; x_wconf 78' lang='lat' dir='ltr'><strong><em>Itaque</em></strong></span> <span class='ocrx_word' id='word_1_29' title='bbox 327 492 374 530; x_wconf 83' lang='lat' dir='ltr'><strong><em>uos</em></strong></span> <span class='ocrx_word' id='word_1_30' title='bbox 397 490 449 548; x_wconf 86' lang='lat' dir='ltr'><strong><em>ego</em></strong></span> <span class='ocrx_word' id='word_1_31' title='bbox 467 512 477 539; x_wconf 90' lang='lat'>‚</span> <span class='ocrx_word' id='word_1_32' title='bbox 503 468 635 543; x_wconf 80' lang='lat' dir='ltr'><em>milites,</em></span> <span class='ocrx_word' id='word_1_33' title='bbox 672 493 726 529; x_wconf 88' lang='lat' dir='ltr'><strong><em>non</em></strong></span> <span class='ocrx_word' id='word_1_34' title='bbox 742 492 775 530; x_wconf 92' lang='lat' dir='ltr'><strong><em>eo</em></strong></span> <span class='ocrx_word' id='word_1_35' title='bbox 788 469 878 533; x_wconf 76' lang='lat' dir='ltr'><strong><em>solim</em></strong></span> 
     </span>
     <span class='ocr_line' id='line_1_6' title="bbox 87 547 878 632; baseline -0.001 -20"><span class='ocrx_word' id='word_1_36' title='bbox 87 553 206 623; x_wconf 85' lang='lat' dir='ltr'><strong><em>enimn,</em></strong></span> <span class='ocrx_word' id='word_1_37' title='bbox 229 573 283 632; x_wconf 78' lang='lat' dir='ltr'><strong><em>quo</em></strong></span> <span class='ocrx_word' id='word_1_38' title='bbox 298 552 429 618; x_wconf 73' lang='lat' dir='ltr'><strong><em>adversis</em></strong></span> <span class='ocrx_word' id='word_1_39' title='bbox 439 547 622 609; x_wconf 82' lang='lat' dir='ltr'><strong><em>oliosliostes</em></strong></span> <span class='ocrx_word' id='word_1_40' title='bbox 639 549 739 609; x_wconf 82' lang='lat' dir='ltr'><strong><em>soletis</em></strong></span> <span class='ocrx_word' id='word_1_41' title='bbox 745 571 878 632; x_wconf 76' lang='lat' dir='ltr'><strong><em>pugnare</em></strong></span> 
     </span>
     <span class='ocr_line' id='line_1_7' title="bbox 88 628 877 711; baseline 0 -21"><span class='ocrx_word' id='word_1_42' title='bbox 88 629 171 690; x_wconf 86' lang='lat' dir='ltr'><strong><em>uelim</em></strong></span> <span class='ocrx_word' id='word_1_43' title='bbox 187 674 195 703; x_wconf 91' lang='lat'><strong>‚</strong></span> <span class='ocrx_word' id='word_1_44' title='bbox 219 635 270 691; x_wconf 86' lang='lat' dir='ltr'><strong><em>sed</em></strong></span> <span class='ocrx_word' id='word_1_45' title='bbox 287 651 348 689; x_wconf 88' lang='lat' dir='ltr'><strong><em>eum</em></strong></span> <span class='ocrx_word' id='word_1_46' title='bbox 363 630 557 711; x_wconf 79' lang='lat' dir='ltr'><strong><em>indignatione</em></strong></span> <span class='ocrx_word' id='word_1_47' title='bbox 568 628 694 710; x_wconf 69' lang='lat' dir='ltr'><strong><em>quodem</em></strong></span> <span class='ocrx_word' id='word_1_48' title='bbox 711 633 797 711; x_wconf 72' lang='lat' dir='ltr'><strong><em>utque</em></strong></span> <span class='ocrx_word' id='word_1_49' title='bbox 812 633 855 690; x_wconf 83' lang='lat' dir='ltr'><strong><em>iro</em></strong></span> <span class='ocrx_word' id='word_1_50' title='bbox 862 672 877 709; x_wconf 81' lang='lat'><em>,</em></span> 
     </span>
     <span class='ocr_line' id='line_1_8' title="bbox 83 709 877 790; baseline 0.004 -20"><span class='ocrx_word' id='word_1_51' title='bbox 83 709 167 786; x_wconf 70' lang='lat' dir='ltr'><strong><em>¹uelut</em></strong></span> <span class='ocrx_word' id='word_1_52' title='bbox 178 713 204 771; x_wconf 86' lang='lat' dir='ltr'><strong><em>si</em></strong></span> <span class='ocrx_word' id='word_1_53' title='bbox 221 727 314 771; x_wconf 81' lang='lat' dir='ltr'><strong><em>seruos</em></strong></span> <span class='ocrx_word' id='word_1_54' title='bbox 327 713 447 769; x_wconf 78' lang='lat' dir='ltr'><strong><em>videntis</em></strong></span> <span class='ocrx_word' id='word_1_55' title='bbox 465 721 572 769; x_wconf 82' lang='lat' dir='ltr'><strong><em>uestros</em></strong></span> <span class='ocrx_word' id='word_1_56' title='bbox 590 730 671 768; x_wconf 87' lang='lat' dir='ltr'><strong><em>orme</em></strong></span> <span class='ocrx_word' id='word_1_57' title='bbox 688 710 877 790; x_wconf 70' lang='lat' dir='ltr'><strong><em>repentinos·</em></strong></span> 
     </span>
     <span class='ocr_line' id='line_1_9' title="bbox 88 786 876 863; baseline 0.001 -15"><span class='ocrx_word' id='word_1_58' title='bbox 88 801 134 849; x_wconf 83' lang='lat' dir='ltr'><strong><em>tro</em></strong></span> <span class='ocrx_word' id='word_1_59' title='bbox 150 812 196 850; x_wconf 88' lang='lat' dir='ltr'><strong><em>vos</em></strong></span> <span class='ocrx_word' id='word_1_60' title='bbox 209 796 343 859; x_wconf 75' lang='lat' dir='ltr'><strong><em>ferentes.</em></strong></span> <span class='ocrx_word' id='word_1_61' title='bbox 355 786 452 848; x_wconf 85' lang='lat' dir='ltr'><strong><em>Licuit</em></strong></span> <span class='ocrx_word' id='word_1_62' title='bbox 463 794 502 848; x_wconf 90' lang='lat' dir='ltr'><strong><em>od</em></strong></span> <span class='ocrx_word' id='word_1_63' title='bbox 515 789 635 863; x_wconf 75' lang='lat' dir='ltr'><strong><em>Erycem</em></strong></span> <span class='ocrx_word' id='word_1_64' title='bbox 649 787 760 849; x_wconf 86' lang='lat' dir='ltr'><strong><em>clousos</em></strong></span> <span class='ocrx_word' id='word_1_65' title='bbox 774 833 783 862; x_wconf 88' lang='lat'>‚</span> <span class='ocrx_word' id='word_1_66' title='bbox 805 790 876 850; x_wconf 77' lang='lat' dir='ltr'><strong><em>olet·</em></strong></span> 
     </span>
     <span class='ocr_line' id='line_1_10' title="bbox 86 868 874 952; baseline 0.001 -24"><span class='ocrx_word' id='word_1_67' title='bbox 86 888 132 928; x_wconf 89' lang='lat' dir='ltr'><strong><em>mo</em></strong></span> <span class='ocrx_word' id='word_1_68' title='bbox 144 870 280 952; x_wconf 80' lang='lat' dir='ltr'><strong><em>suppiicio</em></strong></span> <span class='ocrx_word' id='word_1_69' title='bbox 296 869 479 929; x_wconf 72' lang='lat' dir='ltr'><strong><em>humanorum</em></strong></span> <span class='ocrx_word' id='word_1_70' title='bbox 500 911 509 941; x_wconf 89' lang='lat'>‚</span> <span class='ocrx_word' id='word_1_71' title='bbox 532 874 616 942; x_wconf 83' lang='lat' dir='ltr'><strong><em>fome</em></strong></span> <span class='ocrx_word' id='word_1_72' title='bbox 627 871 793 944; x_wconf 69' lang='lat' dir='ltr'><strong><em>,interficere</em></strong></span> <span class='ocrx_word' id='word_1_73' title='bbox 806 893 817 928; x_wconf 86' lang='lat'><strong><em>.·</em></strong></span> <span class='ocrx_word' id='word_1_74' title='bbox 835 868 874 929; x_wconf 83' lang='lat' dir='ltr'><strong><em>li·</em></strong></span> 
     </span>
     <span class='ocr_line' id='line_1_11' title="bbox 86 948 873 1029; baseline 0.003 -21"><span class='ocrx_word' id='word_1_75' title='bbox 86 952 144 1008; x_wconf 85' lang='lat' dir='ltr'><strong><em>cuit</em></strong></span> <span class='ocrx_word' id='word_1_76' title='bbox 159 953 299 1029; x_wconf 80' lang='lat' dir='ltr'><strong><em>victrieem</em></strong></span> <span class='ocrx_word' id='word_1_77' title='bbox 318 948 436 1009; x_wconf 83' lang='lat' dir='ltr'><strong><em>classem</em></strong></span> <span class='ocrx_word' id='word_1_78' title='bbox 453 951 482 1008; x_wconf 85' lang='lat' dir='ltr'><strong><em>in</em></strong></span> <span class='ocrx_word' id='word_1_79' title='bbox 498 951 631 1017; x_wconf 77' lang='lat' dir='ltr'><strong><em>Africum</em></strong></span> <span class='ocrx_word' id='word_1_80' title='bbox 648 951 797 1028; x_wconf 78' lang='lat' dir='ltr'><strong><em>trajicere,</em></strong></span> <span class='ocrx_word' id='word_1_81' title='bbox 825 961 873 1011; x_wconf 82' lang='lat' dir='ltr'><strong><em>et·</em></strong></span> 
     </span>
     <span class='ocr_line' id='line_1_12' title="bbox 86 1028 921 1110; baseline 0.004 -24"><span class='ocrx_word' id='word_1_82' title='bbox 86 1049 139 1108; x_wconf 78' lang='lat' dir='ltr'><strong><em>que</em></strong></span> <span class='ocrx_word' id='word_1_83' title='bbox 162 1029 362 1110; x_wconf 70' lang='lat' dir='ltr'><strong><em>inted‘paucos</em></strong></span> <span class='ocrx_word' id='word_1_84' title='bbox 379 1033 439 1089; x_wconf 85' lang='lat' dir='ltr'><strong><em>dies</em></strong></span> <span class='ocrx_word' id='word_1_85' title='bbox 458 1031 519 1089; x_wconf 86' lang='lat' dir='ltr'><strong><em>sine</em></strong></span> <span class='ocrx_word' id='word_1_86' title='bbox 541 1029 601 1088; x_wconf 87' lang='lat' dir='ltr'><strong><em>ullo</em></strong></span> <span class='ocrx_word' id='word_1_87' title='bbox 629 1032 782 1096; x_wconf 86' lang='lat' dir='ltr'><strong><em>certamine</em></strong></span> <span class='ocrx_word' id='word_1_88' title='bbox 800 1028 875 1091; x_wconf 81' lang='lat' dir='ltr'><strong><em>Coe·</em></strong></span> <span class='ocrx_word' id='word_1_89' title='bbox 917 1030 921 1035; x_wconf 76' lang='grc'>’</span> 
     </span>
     <span class='ocr_line' id='line_1_13' title="bbox 86 1107 874 1188; baseline 0 -19"><span class='ocrx_word' id='word_1_90' title='bbox 86 1107 230 1186; x_wconf 75' lang='lat' dir='ltr'><strong><em>thoginem</em></strong></span> <span class='ocrx_word' id='word_1_91' title='bbox 246 1109 349 1169; x_wconf 83' lang='lat' dir='ltr'><strong><em>delere.</em></strong></span> <span class='ocrx_word' id='word_1_92' title='bbox 371 1108 491 1169; x_wconf 82' lang='lat' dir='ltr'><strong><em>Veniam</em></strong></span> <span class='ocrx_word' id='word_1_93' title='bbox 515 1111 645 1169; x_wconf 85' lang='lat' dir='ltr'><strong><em>dedimus</em></strong></span> <span class='ocrx_word' id='word_1_94' title='bbox 667 1107 874 1188; x_wconf 79' lang='lat' dir='ltr'><strong><em>precantibuse</em></strong></span> 
     </span>
     <span class='ocr_line' id='line_1_14' title="bbox 86 1187 875 1267; baseline 0.003 -20"><span class='ocrx_word' id='word_1_95' title='bbox 86 1191 229 1247; x_wconf 82' lang='lat' dir='ltr'><strong><em>emisimus</em></strong></span> <span class='ocrx_word' id='word_1_96' title='bbox 254 1211 294 1248; x_wconf 77' lang='lat' dir='ltr'><strong><em>ex</em></strong></span> <span class='ocrx_word' id='word_1_97' title='bbox 313 1187 453 1249; x_wconf 77' lang='lat' dir='ltr'><strong><em>obsidione</em></strong></span> <span class='ocrx_word' id='word_1_98' title='bbox 469 1209 480 1244; x_wconf 84' lang='lat'><strong><em>.·</em></strong></span> <span class='ocrx_word' id='word_1_99' title='bbox 493 1209 593 1267; x_wconf 84' lang='lat' dir='ltr'><strong><em>pacem</em></strong></span> <span class='ocrx_word' id='word_1_100' title='bbox 616 1191 675 1249; x_wconf 77' lang='lat' dir='ltr'><strong><em>ciem</em></strong></span> <span class='ocrx_word' id='word_1_101' title='bbox 700 1192 781 1249; x_wconf 86' lang='lat' dir='ltr'><strong><em>uictis</em></strong></span> <span class='ocrx_word' id='word_1_102' title='bbox 797 1191 875 1260; x_wconf 88' lang='lat' dir='ltr'><strong><em>feci-</em></strong></span> 
     </span>
     <span class='ocr_line' id='line_1_15' title="bbox 86 1267 873 1351; baseline 0.003 -24"><span class='ocrx_word' id='word_1_103' title='bbox 86 1287 148 1327; x_wconf 90' lang='lat' dir='ltr'><strong><em>mus</em></strong></span> <span class='ocrx_word' id='word_1_104' title='bbox 162 1291 172 1326; x_wconf 90' lang='lat'><strong><em>.·</em></strong></span> <span class='ocrx_word' id='word_1_105' title='bbox 188 1267 282 1327; x_wconf 83' lang='lat' dir='ltr'><strong><em>tutele</em></strong></span> <span class='ocrx_word' id='word_1_106' title='bbox 294 1279 397 1328; x_wconf 78' lang='lat' dir='ltr'><strong><em>nostro</em></strong></span> <span class='ocrx_word' id='word_1_107' title='bbox 412 1267 512 1329; x_wconf 62' lang='lat' dir='ltr'><strong><em>deind&amp;</em></strong></span> <span class='ocrx_word' id='word_1_108' title='bbox 524 1272 683 1340; x_wconf 83' lang='lat' dir='ltr'><strong><em>duximus,</em></strong></span> <span class='ocrx_word' id='word_1_109' title='bbox 702 1270 761 1328; x_wconf 76' lang='lat' dir='ltr'><strong><em>cim</em></strong></span> <span class='ocrx_word' id='word_1_110' title='bbox 776 1271 873 1351; x_wconf 79' lang='lat' dir='ltr'><strong><em>Africo</em></strong></span> 
     </span>
     <span class='ocr_line' id='line_1_16' title="bbox 48 1344 874 1428; baseline 0.008 -26"><span class='ocrx_word' id='word_1_111' title='bbox 48 1372 51 1377; x_wconf 92' lang='lat'>·</span> <span class='ocrx_word' id='word_1_112' title='bbox 87 1344 161 1404; x_wconf 78' lang='lat' dir='ltr'><strong><em>bello</em></strong></span> <span class='ocrx_word' id='word_1_113' title='bbox 176 1359 350 1426; x_wconf 84' lang='lat' dir='ltr'><strong><em>urgerentur.</em></strong></span> <span class='ocrx_word' id='word_1_114' title='bbox 370 1349 426 1407; x_wconf 88' lang='lat' dir='ltr'><strong><em>Pro</em></strong></span> <span class='ocrx_word' id='word_1_115' title='bbox 440 1347 484 1407; x_wconf 81' lang='lat' dir='ltr'><strong><em>bis</em></strong></span> <span class='ocrx_word' id='word_1_116' title='bbox 505 1351 657 1427; x_wconf 87' lang='lat' dir='ltr'><strong><em>impertitis</em></strong></span> <span class='ocrx_word' id='word_1_117' title='bbox 666 1351 807 1417; x_wconf 87' lang='lat' dir='ltr'><strong><em>furiosum</em></strong></span> <span class='ocrx_word' id='word_1_118' title='bbox 822 1351 874 1428; x_wconf 79' lang='lat' dir='ltr'><strong><em>ju·</em></strong></span> 
     </span>
    </p>
   </div>
   <div class='ocr_carea' id='block_1_3' title="bbox 87 1431 873 1561">
    <p class='ocr_par' dir='ltr' id='par_1_3' title="bbox 87 1431 873 1561">
     <span class='ocr_line' id='line_1_17' title="bbox 87 1431 873 1515; baseline 0.013 -35"><span class='ocrx_word' id='word_1_119' title='bbox 87 1444 180 1515; x_wconf 78' lang='lat' dir='ltr'><strong><em>venem</em></strong></span> <span class='ocrx_word' id='word_1_120' title='bbox 196 1438 342 1504; x_wconf 81' lang='lat' dir='ltr'><strong><em>sequentes</em></strong></span> <span class='ocrx_word' id='word_1_121' title='bbox 358 1468 368 1498; x_wconf 89' lang='lat'>‚</span> <span class='ocrx_word' id='word_1_122' title='bbox 401 1440 589 1504; x_wconf 79' lang='lat' dir='ltr'><strong><em>oppugnatum</em></strong></span> <span class='ocrx_word' id='word_1_123' title='bbox 605 1431 731 1507; x_wconf 82' lang='lat' dir='ltr'><strong><em>potrinm</em></strong></span> <span class='ocrx_word' id='word_1_124' title='bbox 746 1441 873 1490; x_wconf 81' lang='lat' dir='ltr'><strong><em>nostrum</em></strong></span> 
     </span>
     <span class='ocr_line' id='line_1_18' title="bbox 87 1515 209 1561; baseline 0 0"><span class='ocrx_word' id='word_1_125' title='bbox 87 1515 209 1561; x_wconf 76' lang='lat' dir='ltr'><strong><em>veneunt.</em></strong></span> 
     </span>
    </p>
   </div>
   <div class='ocr_carea' id='block_1_4' title="bbox 58 1581 985 3182">
    <p class='ocr_par' dir='ltr' id='par_1_4' title="bbox 58 1581 985 3182">
     <span class='ocr_line' id='line_1_19' title="bbox 128 1581 872 1662; baseline 0.003 -19"><span class='ocrx_word' id='word_1_126' title='bbox 128 1581 196 1643; x_wconf 83' lang='lat' dir='ltr'>Vll.</span> <span class='ocrx_word' id='word_1_127' title='bbox 215 1581 307 1662; x_wconf 79' lang='lat' dir='ltr'><strong><em>Atque</em></strong></span> <span class='ocrx_word' id='word_1_128' title='bbox 319 1582 427 1640; x_wconf 85' lang='lat' dir='ltr'><strong><em>utinum</em></strong></span> <span class='ocrx_word' id='word_1_129' title='bbox 448 1601 501 1659; x_wconf 85' lang='lat' dir='ltr'><strong><em>pro</em></strong></span> <span class='ocrx_word' id='word_1_130' title='bbox 518 1585 616 1643; x_wconf 86' lang='lat' dir='ltr'><strong><em>decore</em></strong></span> <span class='ocrx_word' id='word_1_131' title='bbox 631 1585 737 1644; x_wconf 78' lang='lat' dir='ltr'><strong><em>tontim</em></strong></span> <span class='ocrx_word' id='word_1_132' title='bbox 756 1582 806 1644; x_wconf 73' lang='lat' dir='ltr'><strong><em>hoc</em></strong></span> <span class='ocrx_word' id='word_1_133' title='bbox 821 1609 872 1661; x_wconf 80' lang='lat' dir='ltr'><strong><em>no·</em></strong></span> 
     </span>
     <span class='ocr_line' id='line_1_20' title="bbox 86 1660 872 1739; baseline 0.001 -18"><span class='ocrx_word' id='word_1_134' title='bbox 86 1663 152 1733; x_wconf 84' lang='lat' dir='ltr'><strong><em>bis,</em></strong></span> <span class='ocrx_word' id='word_1_135' title='bbox 171 1673 202 1720; x_wconf 91' lang='lat' dir='ltr'><strong><em>et</em></strong></span> <span class='ocrx_word' id='word_1_136' title='bbox 223 1681 280 1720; x_wconf 88' lang='lat' dir='ltr'><strong><em>non</em></strong></span> <span class='ocrx_word' id='word_1_137' title='bbox 292 1682 344 1739; x_wconf 85' lang='lat' dir='ltr'><strong><em>pro</em></strong></span> <span class='ocrx_word' id='word_1_138' title='bbox 359 1660 453 1720; x_wconf 79' lang='lat' dir='ltr'><strong><em>solute</em></strong></span> <span class='ocrx_word' id='word_1_139' title='bbox 473 1674 549 1735; x_wconf 85' lang='lat' dir='ltr'><strong><em>esset</em></strong></span> <span class='ocrx_word' id='word_1_140' title='bbox 569 1665 731 1722; x_wconf 81' lang='lat' dir='ltr'><strong><em>certamen!</em></strong></span> <span class='ocrx_word' id='word_1_141' title='bbox 759 1663 820 1722; x_wconf 89' lang='lat' dir='ltr'><strong><em>Non</em></strong></span> <span class='ocrx_word' id='word_1_142' title='bbox 836 1669 872 1722; x_wconf 84' lang='lat' dir='ltr'><strong><em>de&#39;</em></strong></span> 
     </span>
     <span class='ocr_line' id='line_1_21' title="bbox 82 1738 873 1824; baseline 0.004 -25"><span class='ocrx_word' id='word_1_143' title='bbox 82 1745 260 1823; x_wconf 77' lang='lat' dir='ltr'><strong><em>possessione</em></strong></span> <span class='ocrx_word' id='word_1_144' title='bbox 273 1739 378 1803; x_wconf 75' lang='lat' dir='ltr'><strong><em>Sicilie</em></strong></span> <span class='ocrx_word' id='word_1_145' title='bbox 393 1762 426 1799; x_wconf 87' lang='lat' dir='ltr'><strong><em>oe</em></strong></span> <span class='ocrx_word' id='word_1_146' title='bbox 442 1738 580 1802; x_wconf 80' lang='lat' dir='ltr'><strong><em>Sordiniae</em></strong></span> <span class='ocrx_word' id='word_1_147' title='bbox 595 1786 604 1815; x_wconf 89' lang='lat'>‚</span> <span class='ocrx_word' id='word_1_148' title='bbox 624 1745 659 1801; x_wconf 88' lang='lat' dir='ltr'><strong><em>de</em></strong></span> <span class='ocrx_word' id='word_1_149' title='bbox 672 1741 873 1824; x_wconf 80' lang='lat' dir='ltr'><strong><em>quibus·quon-&#39;</em></strong></span> 
     </span>
     <span class='ocr_line' id='line_1_22' title="bbox 85 1817 871 1903; baseline 0.003 -23"><span class='ocrx_word' id='word_1_150' title='bbox 85 1826 151 1880; x_wconf 87' lang='lat' dir='ltr'><strong><em>dom</em></strong></span> <span class='ocrx_word' id='word_1_151' title='bbox 164 1826 324 1903; x_wconf 65' lang='lat' dir='ltr'><strong><em>agebatur,</em></strong></span> <span class='ocrx_word' id='word_1_152' title='bbox 347 1825 397 1881; x_wconf 89' lang='lat' dir='ltr'><strong><em>sed</em></strong></span> <span class='ocrx_word' id='word_1_153' title='bbox 409 1841 460 1901; x_wconf 86' lang='lat' dir='ltr'><strong><em>pro</em></strong></span> <span class='ocrx_word' id='word_1_154' title='bbox 479 1818 567 1882; x_wconf 78' lang='lat' dir='ltr'><strong><em>leutio</em></strong></span> <span class='ocrx_word' id='word_1_155' title='bbox 586 1820 667 1882; x_wconf 82' lang='lat' dir='ltr'><strong><em>nobis</em></strong></span> <span class='ocrx_word' id='word_1_156' title='bbox 682 1817 726 1883; x_wconf 84' lang='lat' dir='ltr'><strong><em>est</em></strong></span> <span class='ocrx_word' id='word_1_157' title='bbox 736 1844 871 1903; x_wconf 80' lang='lat' dir='ltr'><strong><em>pugnan-</em></strong></span> 
     </span>
     <span class='ocr_line' id='line_1_23' title="bbox 85 1899 871 1984; baseline 0.003 -24"><span class='ocrx_word' id='word_1_158' title='bbox 85 1905 151 1960; x_wconf 87' lang='lat' dir='ltr'><strong><em>dum</em></strong></span> <span class='ocrx_word' id='word_1_159' title='bbox 167 1923 178 1958; x_wconf 87' lang='lat'><strong><em>.·</em></strong></span> <span class='ocrx_word' id='word_1_160' title='bbox 194 1923 244 1963; x_wconf 88' lang='lat' dir='ltr'><strong><em>nee</em></strong></span> <span class='ocrx_word' id='word_1_161' title='bbox 254 1914 297 1962; x_wconf 90' lang='lat' dir='ltr'><strong><em>est</em></strong></span> <span class='ocrx_word' id='word_1_162' title='bbox 309 1900 384 1962; x_wconf 86' lang='lat' dir='ltr'><strong><em>olius</em></strong></span> <span class='ocrx_word' id='word_1_163' title='bbox 397 1899 433 1959; x_wconf 82' lang='lat' dir='ltr'><strong><em>ob</em></strong></span> <span class='ocrx_word' id='word_1_164' title='bbox 444 1913 524 1981; x_wconf 80' lang='lat' dir='ltr'><strong><em>tergo</em></strong></span> <span class='ocrx_word' id='word_1_165' title='bbox 537 1905 701 1974; x_wconf 83' lang='lat' dir='ltr'><strong><em>exercitus,</em></strong></span> <span class='ocrx_word' id='word_1_166' title='bbox 726 1907 791 1984; x_wconf 82' lang='lat' dir='ltr'><strong><em>qui,</em></strong></span> <span class='ocrx_word' id='word_1_167' title='bbox 816 1904 871 1983; x_wconf 86' lang='lat' dir='ltr'><strong><em>nisi</em></strong></span> 
     </span>
     <span class='ocr_line' id='line_1_24' title="bbox 85 1981 872 2063; baseline 0.003 -25"><span class='ocrx_word' id='word_1_168' title='bbox 85 2001 135 2039; x_wconf 88' lang='lat' dir='ltr'><strong><em>nos</em></strong></span> <span class='ocrx_word' id='word_1_169' title='bbox 156 1984 310 2054; x_wconf 87' lang='lat' dir='ltr'><strong><em>vincimus,</em></strong></span> <span class='ocrx_word' id='word_1_170' title='bbox 335 1981 411 2050; x_wconf 15' lang='lat' dir='ltr'><strong><em>&#39;hosti</em></strong></span> <span class='ocrx_word' id='word_1_171' title='bbox 432 1985 582 2054; x_wconf 83' lang='lat' dir='ltr'><strong><em>obsistet,</em></strong></span> <span class='ocrx_word' id='word_1_172' title='bbox 618 2004 668 2042; x_wconf 88' lang='lat' dir='ltr'><strong><em>nec</em></strong></span> <span class='ocrx_word' id='word_1_173' title='bbox 691 1982 779 2063; x_wconf 79' lang='lat' dir='ltr'><strong><em>Alpes</em></strong></span> <span class='ocrx_word' id='word_1_174' title='bbox 807 1984 872 2043; x_wconf 79' lang='lat' dir='ltr'><strong><em>olio</em></strong></span> 
     </span>
     <span class='ocr_line' id='line_1_25' title="bbox 85 2064 871 2142; baseline 0.004 -24"><span class='ocrx_word' id='word_1_175' title='bbox 85 2070 152 2118; x_wconf 84' lang='lat' dir='ltr'><strong><em>sunt</em></strong></span> <span class='ocrx_word' id='word_1_176' title='bbox 166 2104 175 2132; x_wconf 92' lang='lat'>,</span> <span class='ocrx_word' id='word_1_177' title='bbox 197 2083 268 2141; x_wconf 81' lang='lat' dir='ltr'><strong><em>quos</em></strong></span> <span class='ocrx_word' id='word_1_178' title='bbox 280 2065 345 2122; x_wconf 90' lang='lat' dir='ltr'><strong><em>dum</em></strong></span> <span class='ocrx_word' id='word_1_179' title='bbox 357 2074 491 2141; x_wconf 70' lang='lat' dir='ltr'><strong><em>superet,</em></strong></span> <span class='ocrx_word' id='word_1_180' title='bbox 512 2064 669 2142; x_wconf 82' lang='lat' dir='ltr'><strong><em>comparari</em></strong></span> <span class='ocrx_word' id='word_1_181' title='bbox 682 2083 750 2128; x_wconf 89' lang='lat' dir='ltr'><strong><em>nouo</em></strong></span> <span class='ocrx_word' id='word_1_182' title='bbox 761 2067 871 2142; x_wconf 78' lang='lat' dir='ltr'><strong><em>possint</em></strong></span> 
     </span>
     <span class='ocr_line' id='line_1_26' title="bbox 81 2139 873 2220; baseline 0.004 -23"><span class='ocrx_word' id='word_1_183' title='bbox 81 2143 223 2220; x_wconf 76' lang='lat' dir='ltr'><strong><em>presidio.</em></strong></span> <span class='ocrx_word' id='word_1_184' title='bbox 247 2140 302 2200; x_wconf 82' lang='lat' dir='ltr'><strong><em>Hic</em></strong></span> <span class='ocrx_word' id='word_1_185' title='bbox 322 2153 365 2200; x_wconf 87' lang='lat' dir='ltr'><strong><em>est</em></strong></span> <span class='ocrx_word' id='word_1_186' title='bbox 381 2139 570 2212; x_wconf 78' lang='lat' dir='ltr'><strong><em>obstandum,</em></strong></span> <span class='ocrx_word' id='word_1_187' title='bbox 591 2140 721 2215; x_wconf 81' lang='lat' dir='ltr'><strong><em>milites,</em></strong></span> <span class='ocrx_word' id='word_1_188' title='bbox 752 2141 828 2201; x_wconf 82' lang='lat' dir='ltr'><strong><em>velut</em></strong></span> <span class='ocrx_word' id='word_1_189' title='bbox 846 2142 873 2200; x_wconf 85' lang='lat' dir='ltr'><strong><em>si</em></strong></span> 
     </span>
     <span class='ocr_line' id='line_1_27' title="bbox 84 2221 871 2300; baseline 0.003 -22"><span class='ocrx_word' id='word_1_190' title='bbox 84 2231 151 2279; x_wconf 84' lang='lat' dir='ltr'><strong><em>ente</em></strong></span> <span class='ocrx_word' id='word_1_191' title='bbox 176 2221 301 2280; x_wconf 76' lang='lat' dir='ltr'><strong><em>Romanu</em></strong></span> <span class='ocrx_word' id='word_1_192' title='bbox 317 2223 417 2279; x_wconf 81' lang='lat' dir='ltr'><strong><em>moenio</em></strong></span> <span class='ocrx_word' id='word_1_193' title='bbox 435 2240 601 2299; x_wconf 82' lang='lat' dir='ltr'><strong><em>pugnemus.</em></strong></span> <span class='ocrx_word' id='word_1_194' title='bbox 630 2221 707 2280; x_wconf 81' lang='lat' dir='ltr'><strong><em>Unus</em></strong></span> <span class='ocrx_word' id='word_1_195' title='bbox 727 2222 822 2300; x_wconf 84' lang='lat' dir='ltr'><strong><em>uisque</em></strong></span> <span class='ocrx_word' id='word_1_196' title='bbox 840 2241 871 2280; x_wconf 86' lang='lat' dir='ltr'><strong><em>se</em></strong></span> 
     </span>
     <span class='ocr_line' id='line_1_28' title="bbox 84 2242 873 2380; baseline 0.006 -23"><span class='ocrx_word' id='word_1_197' title='bbox 84 2321 137 2358; x_wconf 88' lang='lat' dir='ltr'><strong><em>non</em></strong></span> <span class='ocrx_word' id='word_1_198' title='bbox 158 2321 259 2379; x_wconf 84' lang='lat' dir='ltr'><strong><em>corpus</em></strong></span> <span class='ocrx_word' id='word_1_199' title='bbox 276 2320 354 2360; x_wconf 88' lang='lat' dir='ltr'><strong><em>suum</em></strong></span> <span class='ocrx_word' id='word_1_200' title='bbox 372 2343 381 2370; x_wconf 92' lang='lat'>,</span> <span class='ocrx_word' id='word_1_201' title='bbox 401 2303 451 2359; x_wconf 89' lang='lat' dir='ltr'><strong><em>sed</em></strong></span> <span class='ocrx_word' id='word_1_202' title='bbox 470 2301 619 2380; x_wconf 80' lang='lat' dir='ltr'><strong><em>conjugem</em></strong></span> <span class='ocrx_word' id='word_1_203' title='bbox 639 2319 679 2358; x_wconf 89' lang='lat' dir='ltr'><strong><em>oe·</em></strong></span> <span class='ocrx_word' id='word_1_204' title='bbox 692 2242 873 2380; x_wconf 59' lang='lat' dir='ltr'><strong><em>ltqoerospors-</em></strong></span> 
     </span>
     <span class='ocr_line' id='line_1_29' title="bbox 83 2378 872 2460; baseline 0.001 -23"><span class='ocrx_word' id='word_1_205' title='bbox 83 2395 130 2438; x_wconf 74' lang='lat' dir='ltr'><strong><em>uos</em></strong></span> <span class='ocrx_word' id='word_1_206' title='bbox 141 2384 229 2439; x_wconf 79' lang='lat' dir='ltr'><strong><em>onmis</em></strong></span> <span class='ocrx_word' id='word_1_207' title='bbox 241 2393 397 2460; x_wconf 78' lang='lat' dir='ltr'><strong><em>protegere·</em></strong></span> <span class='ocrx_word' id='word_1_208' title='bbox 400 2391 482 2459; x_wconf 87' lang='lat' dir='ltr'><strong><em>putet</em></strong></span> <span class='ocrx_word' id='word_1_209' title='bbox 499 2400 511 2437; x_wconf 83' lang='grc'><strong><em>.·</em></strong></span> <span class='ocrx_word' id='word_1_210' title='bbox 533 2378 588 2439; x_wconf 79' lang='lat' dir='ltr'><strong><em>nee</em></strong></span> <span class='ocrx_word' id='word_1_211' title='bbox 598 2382 767 2440; x_wconf 86' lang='lat' dir='ltr'><strong><em>domesticos</em></strong></span> <span class='ocrx_word' id='word_1_212' title='bbox 776 2380 872 2444; x_wconf 75' lang='lat' dir='ltr'><strong><em>&#39;solim</em></strong></span> 
     </span>
     <span class='ocr_line' id='line_1_30' title="bbox 83 2454 961 2598; baseline 0.002 -81"><span class='ocrx_word' id='word_1_213' title='bbox 83 2464 176 2536; x_wconf 82' lang='lat' dir='ltr'><strong><em>agitet</em></strong></span> <span class='ocrx_word' id='word_1_214' title='bbox 188 2481 270 2520; x_wconf 82' lang='lat' dir='ltr'><strong><em>euros</em></strong></span> <span class='ocrx_word' id='word_1_215' title='bbox 288 2504 297 2533; x_wconf 92' lang='lat'>‚</span> <span class='ocrx_word' id='word_1_216' title='bbox 321 2463 372 2520; x_wconf 84' lang='lat' dir='ltr'><strong><em>sed</em></strong></span> <span class='ocrx_word' id='word_1_217' title='bbox 384 2454 534 2519; x_wconf 77' lang='lat' dir='ltr'><strong><em>identidem</em></strong></span> <span class='ocrx_word' id='word_1_218' title='bbox 555 2458 607 2523; x_wconf 63' lang='lat' dir='ltr'><strong><em>doc,</em></strong></span> <span class='ocrx_word' id='word_1_219' title='bbox 624 2464 720 2542; x_wconf 84' lang='lat' dir='ltr'><strong><em>animo</em></strong></span> <span class='ocrx_word' id='word_1_220' title='bbox 737 2470 872 2598; x_wconf 79' lang='lat' dir='ltr'><strong><em>reputet,</em></strong></span> <span class='ocrx_word' id='word_1_221' title='bbox 959 2505 961 2512; x_wconf 69' lang='lat'><em>,</em></span> 
     </span>
     <span class='ocr_line' id='line_1_31' title="bbox 83 2543 871 2620; baseline 0.005 -25"><span class='ocrx_word' id='word_1_222' title='bbox 83 2550 195 2596; x_wconf 86' lang='lat' dir='ltr'><strong><em>nostrds</em></strong></span> <span class='ocrx_word' id='word_1_223' title='bbox 214 2561 284 2600; x_wconf 88' lang='lat' dir='ltr'><strong><em>nunc</em></strong></span> <span class='ocrx_word' id='word_1_224' title='bbox 299 2543 401 2599; x_wconf 80' lang='lat' dir='ltr'><strong><em>intueri</em></strong></span> <span class='ocrx_word' id='word_1_225' title='bbox 417 2560 516 2600; x_wconf 87' lang='lat' dir='ltr'><strong><em>monus</em></strong></span> <span class='ocrx_word' id='word_1_226' title='bbox 534 2551 661 2598; x_wconf 83' lang='lat' dir='ltr'><strong><em>senatum</em></strong></span> <span class='ocrx_word' id='word_1_227' title='bbox 681 2560 754 2620; x_wconf 92' lang='lat' dir='ltr'><strong><em>popu</em></strong></span> <span class='ocrx_word' id='word_1_228' title='bbox 768 2558 871 2620; x_wconf 76' lang='lat' dir='ltr'><strong><em>umque</em></strong></span> 
     </span>
     <span class='ocr_line' id='line_1_32' title="bbox 85 2615 872 2699; baseline 0.006 -25"><span class='ocrx_word' id='word_1_229' title='bbox 85 2615 272 2678; x_wconf 84' lang='lat' dir='ltr'><strong><em>Romanum:</em></strong></span> <span class='ocrx_word' id='word_1_230' title='bbox 296 2619 389 2698; x_wconf 81' lang='lat' dir='ltr'><strong><em>qualis</em></strong></span> <span class='ocrx_word' id='word_1_231' title='bbox 415 2631 510 2679; x_wconf 85' lang='lat' dir='ltr'><strong><em>nostro</em></strong></span> <span class='ocrx_word' id='word_1_232' title='bbox 533 2621 574 2678; x_wconf 87' lang='lat' dir='ltr'><strong><em>vis</em></strong></span> <span class='ocrx_word' id='word_1_233' title='bbox 593 2621 735 2699; x_wconf 80' lang='lat' dir='ltr'><strong><em>uirtusque</em></strong></span> <span class='ocrx_word' id='word_1_234' title='bbox 751 2623 872 2692; x_wconf 70' lang='lat' dir='ltr'><strong><em>fuerit,</em></strong></span> 
     </span>
     <span class='ocr_line' id='line_1_33' title="bbox 72 2695 871 2780; baseline 0.005 -24"><span class='ocrx_word' id='word_1_235' title='bbox 72 2695 170 2766; x_wconf 21' lang='lat' dir='ltr'><strong><em>[telem</em></strong></span> <span class='ocrx_word' id='word_1_236' title='bbox 189 2701 288 2757; x_wconf 89' lang='lat' dir='ltr'><strong><em>deinde</em></strong></span> <span class='ocrx_word' id='word_1_237' title='bbox 305 2701 450 2768; x_wconf 73' lang='lat' dir='ltr'><strong><em>fortunam</em></strong></span> <span class='ocrx_word' id='word_1_238' title='bbox 471 2696 548 2758; x_wconf 74' lang='lat' dir='ltr'><strong><em>urbis</em></strong></span> <span class='ocrx_word' id='word_1_239' title='bbox 568 2719 602 2756; x_wconf 89' lang='lat' dir='ltr'><strong><em>oc</em></strong></span> <span class='ocrx_word' id='word_1_240' title='bbox 623 2699 743 2760; x_wconf 82' lang='lat' dir='ltr'><strong><em>Romani</em></strong></span> <span class='ocrx_word' id='word_1_241' title='bbox 759 2701 871 2780; x_wconf 83' lang='lat' dir='ltr'><strong><em>imperii</em></strong></span> 
     </span>
     <span class='ocr_line' id='line_1_34' title="bbox 76 2780 864 2847; baseline 0.003 -12"><span class='ocrx_word' id='word_1_242' title='bbox 76 2780 153 2847; x_wconf 80' lang='lat' dir='ltr'><strong><em>fote.</em></strong></span> <span class='ocrx_word' id='word_1_243' title='bbox 373 2800 376 2804; x_wconf 89' lang='lat'>·</span> <span class='ocrx_word' id='word_1_244' title='bbox 609 2784 612 2788; x_wconf 83' lang='grc'>’</span> <span class='ocrx_word' id='word_1_245' title='bbox 855 2824 864 2831; x_wconf 74' lang='lat'><em>„</em></span> 
     </span>
     <span class='ocr_line' id='line_1_35' title="bbox 58 2848 985 2935; baseline 0.014 -24"><span class='ocrx_word' id='word_1_246' title='bbox 58 2900 62 2911; x_wconf 31' lang='lat' dir='ltr'><strong><em>n</em></strong></span> <span class='ocrx_word' id='word_1_247' title='bbox 122 2855 203 2918; x_wconf 80' lang='lat' dir='ltr'><strong><em>vm.</em></strong></span> <span class='ocrx_word' id='word_1_248' title='bbox 232 2856 306 2918; x_wconf 84' lang='lat' dir='ltr'><strong><em>Hoec</em></strong></span> <span class='ocrx_word' id='word_1_249' title='bbox 335 2856 411 2935; x_wconf 81' lang='lat' dir='ltr'><strong><em>apud</em></strong></span> <span class='ocrx_word' id='word_1_250' title='bbox 429 2856 578 2919; x_wconf 83' lang='lat' dir='ltr'><strong><em>Romanos</em></strong></span> <span class='ocrx_word' id='word_1_251' title='bbox 598 2857 713 2919; x_wconf 84' lang='lat' dir='ltr'><strong><em>consul.</em></strong></span> <span class='ocrx_word' id='word_1_252' title='bbox 739 2859 870 2924; x_wconf 72' lang='lat' dir='ltr'><strong><em>Annibal</em></strong></span> <span class='ocrx_word' id='word_1_253' title='bbox 967 2848 985 2869; x_wconf 65' lang='grc'><strong>“</strong></span> 
     </span>
     <span class='ocr_line' id='line_1_36' title="bbox 81 2935 869 3016; baseline 0.008 -22"><span class='ocrx_word' id='word_1_254' title='bbox 81 2935 168 2996; x_wconf 83' lang='lat' dir='ltr'><strong><em>rebus</em></strong></span> <span class='ocrx_word' id='word_1_255' title='bbox 182 2936 264 3016; x_wconf 72' lang='lat' dir='ltr'><strong><em>poids</em></strong></span> <span class='ocrx_word' id='word_1_256' title='bbox 279 2982 288 3007; x_wconf 90' lang='lat'>,</span> <span class='ocrx_word' id='word_1_257' title='bbox 305 2936 394 3016; x_wconf 64' lang='lat' dir='ltr'><strong><em>quem</em></strong></span> <span class='ocrx_word' id='word_1_258' title='bbox 405 2938 500 2997; x_wconf 83' lang='lat' dir='ltr'><strong><em>verbis</em></strong></span> <span class='ocrx_word' id='word_1_259' title='bbox 516 2981 525 3012; x_wconf 88' lang='lat'><strong>,</strong></span> <span class='ocrx_word' id='word_1_260' title='bbox 540 2937 737 3005; x_wconf 79' lang='lat' dir='ltr'><strong><em>adhortandos</em></strong></span> <span class='ocrx_word' id='word_1_261' title='bbox 753 2940 869 3010; x_wconf 56' lang='lat' dir='ltr'><strong><em>milites</em></strong></span> 
     </span>
     <span class='ocr_line' id='line_1_37' title="bbox 80 3015 867 3103; baseline 0.006 -28"><span class='ocrx_word' id='word_1_262' title='bbox 80 3028 187 3088; x_wconf 79' lang='lat' dir='ltr'><strong><em>ratus,</em></strong></span> <span class='ocrx_word' id='word_1_263' title='bbox 215 3015 399 3083; x_wconf 82' lang='lat' dir='ltr'><strong><em>circumdato</em></strong></span> <span class='ocrx_word' id='word_1_264' title='bbox 421 3016 455 3078; x_wconf 85' lang='lat' dir='ltr'><strong><em>ad</em></strong></span> <span class='ocrx_word' id='word_1_265' title='bbox 477 3018 678 3098; x_wconf 77' lang='lat' dir='ltr'><strong><em>spectaculum</em></strong></span> <span class='ocrx_word' id='word_1_266' title='bbox 701 3022 834 3088; x_wconf 78' lang='lat' dir='ltr'><strong><em>exercitu</em></strong></span> <span class='ocrx_word' id='word_1_267' title='bbox 856 3065 867 3103; x_wconf 67' lang='lat'>‚</span> 
     </span>
     <span class='ocr_line' id='line_1_38' title="bbox 81 3097 869 3182; baseline 0.004 -27"><span class='ocrx_word' id='word_1_268' title='bbox 81 3097 214 3176; x_wconf 80' lang='lat' dir='ltr'><strong><em>captivos</em></strong></span> <span class='ocrx_word' id='word_1_269' title='bbox 237 3111 390 3158; x_wconf 82' lang='lat' dir='ltr'><strong><em>montanos</em></strong></span> <span class='ocrx_word' id='word_1_270' title='bbox 415 3099 527 3158; x_wconf 85' lang='lat' dir='ltr'><strong><em>vinctos</em></strong></span> <span class='ocrx_word' id='word_1_271' title='bbox 557 3099 590 3157; x_wconf 89' lang='lat' dir='ltr'><strong><em>in</em></strong></span> <span class='ocrx_word' id='word_1_272' title='bbox 613 3098 712 3159; x_wconf 87' lang='lat' dir='ltr'><strong><em>medio</em></strong></span> <span class='ocrx_word' id='word_1_273' title='bbox 736 3100 869 3182; x_wconf 58' lang='lat' dir='ltr'><strong><em>statuit«,</em></strong></span> 
     </span>
    </p>
   </div>
   <div class='ocr_carea' id='block_1_5' title="bbox 83 3194 867 3341">
    <p class='ocr_par' dir='ltr' id='par_1_5' title="bbox 83 3194 867 3341">
     <span class='ocr_line' id='line_1_39' title="bbox 83 3194 867 3341; baseline -0.088 -4"><span class='ocrx_word' id='word_1_274' title='bbox 83 3198 354 3341; x_wconf 48' lang='lat' dir='ltr'><strong><em>adgugegsofltgare&#39;</em></strong></span> <span class='ocrx_word' id='word_1_275' title='bbox 371 3225 392 3292; x_wconf 60' lang='lat' dir='ltr'><strong><em>i·</em></strong></span> <span class='ocrx_word' id='word_1_276' title='bbox 406 3213 593 3288; x_wconf 50' lang='lat' dir='ltr'><strong><em>pwmdveffo</em></strong></span> <span class='ocrx_word' id='word_1_277' title='bbox 626 3237 654 3276; x_wconf 72' lang='lat'><strong><em>0¹</em></strong></span> <span class='ocrx_word' id='word_1_278' title='bbox 676 3223 760 3290; x_wconf 72' lang='lat' dir='ltr'><strong><em>Prope</em></strong></span> <span class='ocrx_word' id='word_1_279' title='bbox 787 3194 867 3281; x_wconf 65' lang='lat' dir='ltr'><strong><em>finem</em></strong></span> 
     </span>
    </p>
   </div>
   <div class='ocr_carea' id='block_1_6' title="bbox 164 3351 804 3417">
    <p class='ocr_par' dir='ltr' id='par_1_6' title="bbox 164 3351 804 3417">
     <span class='ocr_line' id='line_1_40' title="bbox 164 3351 804 3417; baseline 0 -2"><span class='ocrx_word' id='word_1_280' title='bbox 164 3356 276 3417; x_wconf 81' lang='lat' dir='ltr'><strong><em>Porel.</em></strong></span> <span class='ocrx_word' id='word_1_281' title='bbox 317 3375 323 3382; x_wconf 65' lang='lat'><strong>“</strong></span> <span class='ocrx_word' id='word_1_282' title='bbox 555 3359 557 3365; x_wconf 79' lang='grc'><strong>’</strong></span> <span class='ocrx_word' id='word_1_283' title='bbox 680 3354 707 3415; x_wconf 89' lang='grc' dir='ltr'>Κ</span> <span class='ocrx_word' id='word_1_284' title='bbox 801 3351 804 3355; x_wconf 67' lang='grc'><strong><em>’</em></strong></span> 
     </span>
    </p>
   </div>
   <div class='ocr_carea' id='block_1_7' title="bbox 0 0 1012 3780">
    <p class='ocr_par' dir='ltr' id='par_1_7' title="bbox 0 0 1012 3780">
     <span class='ocr_line' id='line_1_41' title="bbox 0 0 1012 3780; baseline 0 0"><span class='ocrx_word' id='word_1_285' title='bbox 0 0 1012 3780; x_wconf 95' lang='lat' dir='ltr'><strong><em> </em></strong></span> 
     </span>
    </p>
   </div>
  </div>
 </body>
</html>
