2016 3780
160 196 225 278 ¹78
388 182 516 255 T1n1
562 181 717 255 L1v11'
771 202 775 211 ·

159 296 367 374 imperatores,
395 293 444 370 qui
466 288 594 350 consules
622 292 762 351 Romanos
788 289 839 349 euti
863 300 953 352 manti

159 375 343 443 occidissent,
360 369 516 430 muralibus
529 368 737 452 vallaribusque
756 374 885 452 insignes
902 395 952 433 co·

162 455 259 524 ranis,
286 463 456 533 pervagatos
480 462 563 531 capta
590 463 712 524 caetra,
740 464 840 532 captas
866 453 952 514 urbes

160 534 312 595 Romanas.
332 531 395 591 Non
410 553 470 592 ease
482 530 562 592 bodie¹
573 537 717 603 totjbecea
728 533 953 614 magistratibus

157 613 256 696 popuii
279 615 399 672 Romani
416 655 425 684 ‚
448 625 517 694 quot
537 625 633 690 captos
649 635 690 673 ex
706 618 780 673 caede
797 614 952 695 imperato·

159 715 221 755 rum
239 698 373 774 preferre
388 705 483 773 posset
497 691 630 754 Annibal.
890 711 893 719 '

200 795 268 863 vti.
296 797 354 858 iias
375 795 552 858 formidines
574 797 716 876 agitando
739 797 870 874 animis,
890 800 953 883 ipsi

159 899 246 943 curae
259 888 290 937 et
304 888 399 939 metus
415 878 560 957 augebant
574 878 654 957 qubd
669 924 678 953 ‚
701 877 767 939 etim
782 896 954 945 assueesent

158 980 215 1045 per
240 959 353 1038 aliquot
383 978 474 1020 annos
503 958 613 1020 bellum
650 961 717 1020 ante
744 960 848 1023 oculos
880 963 954 1027 aliie

116 1036 119 1043 ’
160 1052 250 1182 atpue
270 1041 337 1101 aliis
357 1042 389 1100 in
410 1039 505 1100 Itaiiae
547 1039 684 1113 artibus,
713 1039 793 1100 lenti
814 1061 893 1122 spe,
919 1047 952 1106 in

159 1124 275 1184 nulum
298 1123 498 1203 propinquum
556 1118 684 1181 bellandi
709 1119 799 1181 finem
823 1142 953 1199 gerere,

157 1214 328 1265 erexerant.
342 1202 475 1262 omnium
499 1203 614 1261 animos
637 1201 743 1281 Scipio
764 1214 796 1261 et
819 1206 953 1266 Annibal

160 1283 291 1347 velutad
308 1296 478 1364 supremum
497 1294 648 1342 certamen
669 1283 833 1362 comparati
847 1283 952 1348 duces.

160 1366 187 1429 li
207 1383 323 1444 quoque
346 1362 454 1440 quibus
471 1362 577 1441 ingens
596 1372 659 1423 erat
676 1362 707 1421 in
718 1362 861 1442 Scipione
872 1365 952 1427 fidu-

162 1447 227 1519 cia,
250 1458 280 1504 et
296 1445 537 1523 victoriaeepes,
560 1447 619 1518 (2)
645 1444 704 1521 qub
720 1446 817 1522 magis
832 1445 864 1504 in
879 1467 952 1527 pro·

160 1529 303 1621 pinquam
319 1545 384 1584 eam
401 1524 598 1585 imminebant
613 1525 742 1599 animis,
764 1526 800 1586 eb
811 1545 893 1591 curae
906 1531 952 1588 in·

162 1608 298 1670 tenueris
320 1617 416 1666 erant.
872 1634 876 1641 ,

202 1712 286 1778 vttt.
315 1710 399 1772 Haud
420 1709 523 1792 dispar
545 1709 664 1772 habitus
686 1710 855 1773 animorum
884 1713 953 1778 Car.

162 1790 400 1872 thaginiensibus
412 1803 476 1851 erat
488 1813 496 1852 t
510 1811 584 1870 quos
597 1791 686 1852 morib
699 1792 811 1874 petisse
826 1813 926 1875 pacem
939 1839 950 1868 ,

162 1877 314 1936 intuentes
337 1873 515 1932 Annibalem
540 1892 575 1951 ae
592 1893 691 1933 rerum
711 1885 863 1950 gestarum
888 1877 952 1956 ejus

162 1953 412 2032 magnitudinem,
433 1951 613 2032 poenitebat3
635 1953 746 2027 modo,
766 1954 837 2015 etim
852 1956 953 2039 respi-

162 2045 265 2098 cerent
279 2033 323 2094 bis
335 2050 401 2094 sese
417 2035 482 2094 acie
494 2032 610 2106 victos,
631 2032 795 2174 Syphacem
807 2024 928 2117 septum
940 2081 952 2112 ‚

163 2115 266 2198 pulsos
295 2134 326 2175 se
350 2111 512 2193 Hispanis,
535 2115 639 2192 pulsos
677 2114 776 2189 tatia,
802 2127 892 2195 atque
919 2137 952 2179 ea

164 2197 263 2256 omnia
279 2197 366 2256 unius
382 2198 491 2255 virtute
502 2205 531 2252 et
546 2194 674 2254 consilio
689 2196 842 2274 Scipionis
854 2197 952 2274 facts,

163 2279 245 2338 velut
261 2276 381 2337 fatalem
401 2295 470 2336 eum
486 2272 590 2335 ducem
609 2273 640 2335 in
658 2277 784 2338 exitium
797 2296 887 2341 suum
902 2299 953 2342 nt·

164 2370 226 2420 turn
247 2357 420 2418 horrebant.
870 2380 872 2385 ·

203 2463 258 2527 tx.
291 2462 360 2527 iant
395 2458 591 2522 Adrumetum
624 2473 745 2523 venerat
776 2462 909 2527 Annibal
942 2489 951 2528 ε

162 2544 260 2616 unde,
283 2541 321 2603 ad
343 2539 536 2601 reficiendum
559 2564 598 2602 ex
618 2543 777 2620 jactatione
800 2547 954 2608 maritimi

161 2624 292 2687 militem
308 2623 410 2702 paucis
432 2621 535 2683 diebus
558 2624 707 2704 sumptis,
729 2627 848 2686 excitus
869 2629 953 2708 pavi·

161 2704 209 2766 dis
225 2705 363 2777 nunciis,
382 2705 481 2764 omnia
497 2703 579 2766 circi
598 2703 806 2784 Carthaginem
820 2705 952 2768 obtineri

162 2786 252 2846 ermis
271 2783 484 2926 c{afferentium
505 2786 622 2866 magnis
645 2785 804 2848 itineribus
825 2787 952 2852 Zamam

162 2876 270 2928 conten
290 2866 323 2925 it.

196 3038 212 3074 a
237 3021 319 3095 (Quo
341 3021 451 3094 magis)
475 3021 537 3090 Quo
571 3022 796 3092 propinquantem
815 3021 870 3090 jam
894 3034 952 3087 exse

162 3091 470 3158 avidioreetepeetvoto
479 3106 539 3142 eam
570 3091 714 3157 pectebant
725 3103 752 3144 et
764 3092 905 3160 optabant.
