2016 3780
316 166 597 239 Nnnnnrro
644 169 689 239 V.
853 199 892 264 17

112 280 157 329 tra
184 269 283 355 hostes
308 269 411 343 ducit3
435 271 484 331 ubi
509 271 652 332 Anienem
681 271 826 347 transiit,
858 275 895 335 ud
976 304 982 313 r

112 348 294 411 'confluentes
311 351 440 410 collocat
463 365 564 412 castra.
589 353 670 412 Inter
686 364 752 414 etim
771 354 898 429 locum,²

112 441 154 489 et·
174 428 335 501 Fidenas‚³
366 432 535 494 Veientium
569 434 720 493 exercitus
749 433 897 513 Tyberim

112 513 273 571 transierat.
291 511 329 568 lli
349 522 378 570 et
399 511 430 570 in
455 515 521 571 acie
537 514 632 594 prope
651 512 760 572 flur'nen
774 516 897 577 tenuere

111 589 244 669 dextrum
266 604 381 652 cornu:
404 594 436 651 in
453 592 573 653 sinistro
592 593 750 653 Fidenates
768 594 896 674 propitio

110 683 240 751 montes·¹
252 674 425 731 consistunt.
454 673 559 732 Tullus
579 674 717 750 adverslts
737 676 896 734 Veientem

111 751 227 812 hostem
247 752 458 831 dirigit-'suom
473 754 723 815 Alban'os'contra
744 756 896 834 legionem

109 832 293 894 Fidenatium
317 832 454 894 collocat.
477 833 593 894 Albano
622 855 681 893 non
705 836 772 914 plus
802 835 896 895 animi
927 885 930 890 .

111 924 192 986 erat,
213 915 300 992 quim
318 913 407 972 fidei:
426 934 480 974 nec
496 935 614 974 manere
632 933 726 992 ergo,
745 935 799 975 nec
816 927 896 975 tran·

111 994 170 1052 sire
191 995 293 1074 aperte
310 1010 416 1065 susus,
440 997 550 1069 sensim
568 996 603 1055 ad
618 1007 734 1058 montes
750 995 894 1057 succedit.

111 1072 183 1132 lude
204 1075 254 1134 ubi
271 1076 345 1136 setis.
361 1076 477 1135 subisse
493 1095 557 1135 sese
573 1088 652 1136 ratus
664 1087 709 1134 est
721 1122 730 1150 ‚
744 1077 791 1150 (1)
805 1076 902 1154 erigit

111 1164 206 1219 totam
222 1155 348 1215 aciem:
373 1155 576 1236 fluctuansque
596 1159 715 1229 animo,
737 1165 770 1214 ut
787 1165 900 1217 tereret·

111 1245 248 1314 tempus,
265 1233 386 1295 ordines
402 1236 541 1316 explicat.
555 1237 722 1298 Consilium
737 1248 820 1308 erat,
838 1235 901 1318 qud·

110 1314 226 1393 fortuna
238 1334 309 1376 uem
324 1318 422 1392 duret,
443 1317 477 1376 ed
490 1318 738 1378 inclinarevires.
748 1315 897 1378 Miraculo
963 1366 966 1371 .

111 1397 211 1478 primo
227 1398 292 1454 esse
307 1396 464 1468 Romanis,
475 1401 527 1476 qui
544 1400 674 1478 proximi
686 1407 846 1470 steterant,
863 1408 897 1457 ut

111 1475 214 1536 nudari
227 1475 318 1553 latera
330 1490 385 1534 sua
397 1476 545 1534 sociorum
556 1476 691 1552 digressu
703 1487 866 1539 senserunt.

152 1554 302 1618 Ill-inde
329 1572 420 1632 eques
439 1555 531 1632 cituto
556 1573 632 1632 equo
657 1556 777 1614 nunciat
802 1559 866 1634 regi
884 1596 901 1628 ,-
927 1562 931 1569 '

111 1636 194 1697 ubire
217 1636 356 1697 Albanos
381 1633 485 1712 Tullus
502 1637 534 1694 in
559 1655 591 1693 re
607 1633 721 1716 trepidi
738 1633 902 1695 duodecim

112 1718 193 1776 vonit
212 1720 259 1793 (e)
275 1715 395 1790 Selius,
414 1715 549 1794 lausque
559 1714 690 1788 Pallori,
713 1734 747 1775 ac
765 1716 872 1775 Pauori
888 1736 903 1775 ε·

111 1796 241 1876 equite'tn
258 1795 338 1873 'clari
360 1798 516 1877 increpans
534 1812 628 1871 voce,
645 1808 679 1857 ut
696 1796 898 1858 ttosresexau-

110 1876 210 1937 ditent
222 1874 348 1951 ‚⁶tedlre
363 1877 396 1935 iu
411 1875 543 1958 praeliuni
560 1877 660 1957 jubet-t
679 1876 760 1936 Nihil
775 1879 908 1957 trepide*

110 1962 185 2018 tione
199 1967 267 2037 optes
286 1965 433 2019 essuries
456 1961 535 2038 jussu
561 1959 728 2017 circumduci
755 1957 897 2018 Albanum

110 2042 268 2097 exercitum
284 2081 293 2108 ‚
308 2049 341 2095 ut
357 2038 531 2096 Fidenetium
546 2042 621 2096 nuda
645 2051 728 2127 tergo
752 2040 896 2098 invadunt.

111 2116 192 2177 Idem
210 2118 356 2192 imperat,
372 2125 404 2172 ut
420 2114 519 2175 hastas
533 2117 648 2192 equites
661 2132 775 2189 erigere
787 2116 897 2193 jubeat.

110 2196 142 2260 ld
156 2197 264 2257 lactum
281 2236 290 2266 ‚
308 2210 427 2271 magnes
447 2194 526 2273 parti
543 2192 679 2274 peditum
699 2192 898 2254 Romanorum

110 2284 301 2356 conspectum
328 2273 464 2334 abeuntis
489 2272 596 2335 Albani
627 2271 777 2335 exercitus
801 2272 898 2336 inter·

109 2378 140 2421 te
167 2359 231 2416 sit„
261 2390 265 2400 =
846 2366 851 2381 ¹

142 2379 202 2505 IlV.
225 2432 461 2515 Quintiorum,
484 2433 517 2494 id
535 2434 615 2514 quod
629 2433 667 2494 ab
677 2453 749 2513 rege
763 2433 896 2495 auditum

109 2529 173 2578 erat
192 2517 267 2592 rati,
292 2516 335 2575 eo
346 2514 444 2581 seritis
460 2526 600 2595 pugnant.
618 2513 728 2575 Terror
742 2515 778 2575 ad
794 2515 895 2578 hostes

111 2597 217 2658 transit
238 2614 246 2656 t
269 2606 299 2656 et
318 2594 490 2658 audiverant
511 2594 591 2655 clard
609 2614 682 2656 voce
701 2593 840 2671 dictum,
864 2607 895 2658 et

144 2758 153 2790 r
168 2735 303 2808 (Erigit)
316 2735 390 2789 Stare
402 2735 485 2803 jubet.
519 2734 658 2787 sacrarium
668 2737 775 2787 essetin
784 2736 893 2789 Collino

107 2803 163 2858 Ubi
176 2805 248 2856 enim
260 2821 354 2872 agmen
367 2804 485 2867 sistitur,
518 2802 620 2854 tumulo
631 2842 639 2867 ,
655 2805 700 2872 qui
711 2803 753 2854 vel
764 2803 833 2853 idem
844 2803 894 2857 luit

107 2873 184 2925 miles
197 2882 229 2922 et'
238 2886 334 2937 corpus
345 2883 372 2920 et
383 2869 486 2922 hastam
519 2887 579 2922 cum
588 2869 731 2938 Quirinali,
739 2870 794 2920 anti
815 2868 894 2937 uitiis,

109 2941 192 3009 erigit.
208 2939 255 2992 Sic
270 2955 286 2990 e
306 2937 341 2989 ud
355 2954 406 2989 nos
419 2938 486 2990 dici·
519 2937 633 3006 Agonali
645 2948 753 3001 monte,
768 2888 813 2988 vel
822 2935 895 3005 ejus·

107 3022 167 3058 mus
169 3002 252 3079 faire
262 2955 335 3069 adde,
352 3003 484 3076 olimfai-
515 3004 576 3056 dem
591 3021 662 3123 dm
685 3003 752 3056 Salii
769 3017 857 3054 autem
877 3002 893 3054 ὲ

108 3091 138 3124 re
151 3071 239 3135 haut,
274 3069 390 3124 uomodo
406 3073 485 3124 vertit
517 3072 589 3124 Num
612 3069 895 3122 institutiPalntinidi·

107 3137 233 3193 hocloco
270 3140 409 3205 igsnsrius.
518 3140 644 3190 cebantur
654 3173 662 3199 ,
674 3136 743 3206 quod
753 3153 845 3188 eorum
853 3152 894 3186 re·

11 3262 14 3267 ,
143 3204 418 3281 eldaldus)Quico
434 3222 486 3257 no·
518 3223 562 3261 cra
580 3207 610 3256 in
620 3205 741 3256 Palatino
750 3216 896 3255 montees-

11 3270 16 3293 ¹
109 3271 207 3324 minuti
229 3285 291 3326 sunt
318 3222 485 3351 Agonales,
517 3285 586 3324 sent.
610 3271 788 3339 Utrorumque
816 3287 893 3337 peres

108 3339 168 3393 sive
180 3338 297 3410 collini,
311 3340 383 3412 quod
393 3355 484 3394 sorum
516 3340 584 3396 ritus
594 3339 893 3395 mautacceremonioe0
975 3368 1004 3416 ,Α
