2016 3780
178 272 241 339 ¹32
382 260 714 335 'l'1r1L1v11

175 373 236 451 ipsi
258 367 407 448 insignia,
431 389 489 450 pro
506 389 576 428 vana
595 369 725 446 imagine
749 366 879 449 imperii
905 368 976 449 quod

177 462 337 530 gererent,
361 469 458 507 veram
482 452 647 527 justamque
667 468 740 507 mox
760 448 797 507 in
823 469 858 509 se
881 471 977 511 versu·

178 552 242 593 ram
260 540 435 611 potestatem
459 527 624 589 horrebant.
718 578 721 589 .

220 637 258 697 V.
273 633 410 714 Stupenti
427 635 467 694 ita
482 631 643 705 seditioni,
661 630 730 691 crim
744 633 852 692 rivere
864 637 981 716 primi,

179 735 253 777 mox
276 715 367 774 etiam
391 717 488 774 valere
511 715 708 794 Scipionem,
736 715 818 772 certi
845 730 980 776 auctores

181 796 340 867 afferrent,
357 795 467 855 tribuni
482 794 610 853 militum
624 805 743 873 septem
766 795 806 854 ab
824 797 899 874 ipso
921 798 980 858 Sci-

180 879 272 959 pione
286 877 371 934 missi
385 869 628 958 superveneruni.
645 874 692 933 Ad
704 894 837 952 quorum
851 880 982 956 primum

183 957 343 1018 adventum
367 956 538 1037 exasperati
561 954 672 1026 animi3
699 973 792 1028 mox,
817 958 900 1036 ipsis
923 959 982 1039 pla·

185 1037 253 1098 cido
269 1056 403 1096 sermone
419 1035 671 1116 permulcentibus
687 1046 773 1095 notos
790 1079 800 1108 ,
828 1054 903 1097 cum
922 1040 982 1119 qui-

185 1119 240 1181 bus
259 1120 410 1197 congressi
426 1127 530 1189 erant,
552 1116 636 1175 leniti
649 1127 725 1177 sunt.
745 1115 982 1180 circumeuntes

187 1202 267 1258 enim
281 1201 408 1258 tentoria
426 1197 544 1277 prirnb,
564 1194 713 1254 deindein
726 1198 904 1278 principiis
917 1220 984 1282 prs.

187 1282 324 1357 torioque
338 1322 347 1349 ,
363 1277 414 1338 ubi
431 1295 580 1338 sermones
596 1278 674 1336 inter
689 1295 722 1336 se
737 1281 915 1341 serentium
929 1283 983 1340 cir·

187 1359 270 1420 culos
290 1358 451 1432 vidissent,
478 1357 720 1437 alloquebantur,
750 1372 988 1436 percunctantes

188 1440 304 1519 magis,
321 1458 390 1516 quoe
409 1458 496 1499 causa
515 1439 570 1496 irae
590 1440 648 1514 (3)
667 1443 931 1503 consternationis
953 1461 984 1500 ue

189 1522 294 1584 subitae
310 1520 407 1593 foret,
433 1518 520 1599 quim
543 1518 650 1578 iactum
672 1529 864 1583 accusantes.
888 1462 985 1601 Vuigb

190 1606 360 1683 stipendium
380 1624 433 1660 non
453 1605 549 1661 datam
562 1604 599 1659 ad
614 1600 686 1659 diem
709 1599 884 1674 jactabatur
910 1625 917 1663 :
941 1616 987 1675 et,

189 1697 254 1766 post
268 1688 382 1742 duorum
398 1685 596 1761 imperatorum
613 1685 783 1759 duorumque
799 1689 985 1745 exercituum

191 1776 316 1840 stragem
328 1806 336 1833 ,
355 1762 404 1821 sad
416 1766 518 1821 vittate
530 1765 672 1829 defensam
686 1781 786 1818 nomen
797 1761 985 1836 Romanam,

192 1865 226 1901 ac
241 1853 348 1901 retenta
362 1844 503 1920 provincia
522 1852 615 1910 esset,
637 1837 858 1918 Iliturgitanos
876 1867 987 1924 parram

192 1943 273 1981 noxa
287 1925 416 1997 meritam
429 1919 551 1993 liabere;
568 1922 626 1978 sais
648 1918 721 1978 recti
738 1923 834 1988 factis
857 1931 986 2003 gratiam

192 2006 241 2084 qni
249 1992 380 2063 exsolvit
390 2024 442 2062 non
452 2022 523 2062 esse.
540 2000 624 2060 Talia
632 2012 779 2081 querentes
790 2024 880 2082 equa
889 2029 984 2078 orare,

192 2104 275 2163 seque
285 2105 317 2144 ea
329 2084 467 2144 relaturos
478 2085 515 2142 ad
523 2086 734 2163 imperatorem,
748 2085 983 2161 respondebant.

192 2163 300 2224 Lateri
316 2166 387 2247 qnid
399 2164 471 2223 niln'l
484 2165 607 2235 tristius,
625 2185 674 2222 nec
683 2160 876 2225 insanabilius
888 2180 982 2227 esset:

193 2258 223 2305 et
238 2247 272 2304 P.
292 2244 447 2326 Scipionem
465 2245 544 2303 derirn
558 2243 753 2320 benignitate,
777 2253 808 2301 et
826 2246 983 2330 rempnbti.

193 2348 254 2385 cam
272 2328 320 2399 (4)
338 2347 397 2384 esse
410 2328 511 2402 gratie
524 2326 684 2393 referende.

70 2418 180 2471 seditiosi
234 2413 294 2493 Vt„
309 2415 480 2494 Scipionem
497 2412 585 2473 bellis
602 2423 774 2486 assuetam,
794 2412 832 2474 ad
859 2419 985 2480 seditio·

70 2482 171 2588 mm
193 2515 264 2555 num
279 2494 425 2575 procellas
438 2491 561 2567 rudem,
581 2493 747 2553 sollicitum
764 2493 900 2560 habebat
916 2520 982 2573 res,

70 2602 170 2650 emsa.
195 2580 255 2655 (5)
279 2595 316 2636 ne
338 2574 552 2653 autrexercitus
592 2572 740 2648 escendo,
764 2585 814 2635 aut
835 2577 908 2659 ipse
931 2601 983 2663 pu·

70 2661 153 2725 pinam.
193 2658 324 2729 niendo,
350 2656 472 2717 modum
488 2593 654 2718 excederet.
680 2655 923 2736 lnpraesentia,
953 2669 982 2719 ut

193 2741 353 2816 coepisset,
380 2736 488 2794 leniter
511 2736 559 2814 agi
583 2735 693 2817 placuit
715 2757 721 2794 :
743 2747 773 2794 et
791 2739 982 2801 missi-circa

192 2815 398 2897 stipendiarias
412 2816 550 2876 civitates
565 2828 717 2878 exactores
733 2817 881 2897 stipendii
896 2839 982 2900 spera

97 2898 100 2903 ’
191 2896 387 2980 propinquam
402 2895 509 2957 fecere.
537 2897 675 2958 Edictum
697 2896 821 2957 subinde
839 2903 983 2983 proposi·

225 3034 567 3104 3(Consternationis)Tu-
600 3038 718 3091 canda...
737 3037 981 3105 nrodanreaeede-

107 3102 109 3107 ’
191 3105 301 3165 mutius,
314 3103 565 3156 motdsanimorum.
600 3107 663 3169 ret)
681 3107 767 3172 Atque
783 3104 849 3157 adeo
868 3124 980 3160 omnen

223 3175 240 3239 4
262 3174 353 3238 (Esse
372 3170 476 3244 gratiae
491 3167 566 3241 rese·
598 3171 649 3221 sibi
667 3172 725 3237 ipse
739 3173 771 3222 ad
789 3174 979 3237 poenirentiam

190 3240 306 3307 rendre)
328 3241 393 3292 Esse
406 3241 436 3291 in
450 3239 565 3305 ejusmo-
599 3238 763 3290 abscinderet
773 3256 918 3308 regressum
930 3283 937 3308 ,
951 3255 978 3292 et

190 3310 216 3357 di
238 3321 307 3359 statu
331 3321 360 3358 ut
381 3308 491 3377 gratiam
511 3305 564 3357 illis
598 3306 634 3356 im
656 3306 765 3357 eratoris
823 3307 977 3361 ctemenrie

113 3394 120 3403 ·
189 3373 282 3425 referre
293 3376 405 3441 possint.
597 3323 702 3426 nubum
723 3375 814 3426 torum
837 3375 976 3448 relinquer-

222 3440 237 3494 5
248 3441 341 3506 (Ne...
353 3440 565 3508 exercr'tuspec·
596 3453 646 3496 ret.
