2016 3780
45 1125 70 1174 lt
83 1123 151 1172 Tar-

30 1199 149 1237 rationem.

155 212 201 292 94
338 182 707 270 ''T1u1l11rru
774 200 801 246 ’-

196 299 340 364 XXXVl.
369 303 437 363 llaec
460 301 543 362 extra
573 302 681 361 urbe'm‘
704 298 783 359 terri
807 298 953 378 marique

157 400 281 461 corpora
297 382 386 443 simul
404 385 574 462 animosque
599 379 632 439 ad
650 381 759 440 bellum
779 380 949 438 ,acuebauh

157 463 234 525 Urbs
248 465 311 541 ipsa
324 463 472 540 strepebat
487 472 628 540 apparatu
650 460 745 530 belli,
767 457 861 519 fabris
882 479 951 518 om·

158 544 239 600 nium
256 561 397 618 generum
410 543 441 598 in
458 539 709 621 publieaolliciua
723 538 861 600 inclusis.
876 538 950 600 Dux

158 631 263 689 cuncta
286 621 347 698 pari
359 622 428 680 curi
450 621 559 681 obibat,
579 623 665 681 Nunc
684 622 715 678 in·
736 619 831 679 classa
848 639 950 680 acua-

159 699 216 758 vali
234 712 318 771 erat;
346 722 423 761 nunc
452 720 518 761 cum
551 701 717 777 legionibus
741 699 948 774 decurrebat3

159 784 237 838 uuna
251 781 390 861 operibus
405 780 603 858 adspiciendis
620 779 852 858 tempusdabat‚
872 799 950 859 qure-

160 880 217 937 que
238 862 267 917 in
289 858 439 933 officinis,
467 880 586 938 quaque
610 862 641 918 in
664 859 948 933 armamentarioac

160 940 314 999 navalibus
340 940 488 1005 fabiorum
509 939 666 998 multitudo
692 939 821 1017 plurima
838 940 872 997 iu
892 938 950 999 siu-

161 1023 247 1099 gulos
259 1019 325 1078 dies
336 1023 497 1079 certamine
510 1021 622 1098 ingenti
638 1019 770 1079 faciebat.

202 1100 362 1162 XXXVll.
401 1099 453 1159 llis
490 1101 531 1158 ite
569 1099 743 1172 inchoatis,
766 1097 950 1176 relectisque

163 1180 219 1258 qui
234 1183 330 1257 quassi
344 1191 426 1238 erant
445 1180 557 1251 muris,
573 1179 783 1260 dispositisque
801 1177 950 1258 prasidiia

163 1259 197 1320 ad
211 1261 373 1320 custodiam
391 1260 488 1330 urbis,
502 1260 694 1321 Tarraconem
711 1268 755 1318 est
774 1256 948 1337 profectus,

161 1339 304 1398 amultis
331 1341 529 1417 legationibus
555 1343 690 1420 protinus
714 1341 744 1397 iu
770 1339 819 1396 vid
840 1338 949 1398 aditus.

161 1421 244 1498 Quas
259 1420 368 1500 partim
393 1421 460 1500 dato
478 1439 620 1500 responso
642 1441 678 1480 ex
690 1421 799 1478 itinere
813 1416 949 1490 dimisit,

161 1501 271 1580 partim
291 1498 407 1560 distulit
421 1501 636 1574 Tarraconem,
656 1501 714 1579 qub
731 1496 884 1557 >omnibus
899 1516 949 1556 no-

163 1580 209 1639 vis
233 1582 439 1659 veteribusque
454 1583 545 1641 sociis
558 1580 694 1640 edixerat
703 1577 901 1641 'conventum
913 1576 948 1638 Et

163 1660 261 1719 cuncti
292 1661 352 1719 iera
373 1664 423 1740 qui
449 1662 493 1721 cis
522 1661 636 1721 lberum
659 1657 792 1718 incolunt
818 1656 949 1738 populi,-

163 1740 249 1799 multi
262 1742 353 1798 etiam
368 1741 519 1801 ulterioris
536 1742 700 1816 provinciae
715 1746 951 1817 conuenerunt-⁸·

169 1870 172 1875 .
204 1816 382 1881 XXXVlll.
403 1820 696 1896 Carthaginiensium
724 1819 814 1881 ducas
828 1863 837 1891 ,
851 1814 951 1900 primb

164 1910 202 1958 ex
221 1896 366 1956 industria
384 1897 615 1979 lamamscaptac
646 1899 838 1974 Carthaginis
868 1915 951 1961 com·

165 1989 360 2058 presserunt:
379 1976 503 2051 deindd,
524 1989 556 2038 ut
574 1977 684 2044 ciariur
696 1999 744 2038 ras
761 1987 843 2047 erat,
863 1977 952 2058 quim

165 2067 198 2115 ut
218 2059 279 2135 tegi
292 2077 326 2118 ac
346 2057 526 2127 dissimulari
541 2071 638 2143 posset
651 2104 659 2132 ‚
672 2059 827 2119 elevabant
840 2056 950 2117 verbis.

100 2140 103 2155 ²
165 2134 344 2217 Neropinato
353 2144 470 2199 aduentu
482 2162 515 2200 uc
521 2143 687 2220 propifurto
699 2143 779 2199 unius
790 2138 848 2196 disi
856 2136 951 2197 urbem

167 2238 250 2277 uuam
268 2216 411 2298 Hispania
422 2224 616 2300 interceptum.
625 2219 719 2300 ‘Cujus
732 2222 771 2279 rei
781 2229 846 2281 ,tam
857 2236 953 2297 parvoe

164 2303 279 2378 premio
288 2299 392 2358 elatum
401 2300 563 2383 insularum
573 2304 715 2380 jusanam.‚'
727 2296 955 2380 (29l'immodico‘

167 2383 271 2457 gaudio
282 2381 398 2457 speciem
411 2400 521 2459 magne
534 2382 651 2439 uictoria
663 2381 837 2459 imposuisse.
853 2379 893 2438 At
905 2377 953 2435 ubi

167 2461 389 2539 appropinquare
415 2472 473 2533 tres
498 2463 582 2518 duces
597 2471 677 2528 ‚tres
697 2463 814 2517 uictores
832 2456 953 2518 hostium

168 2542 312 2599 exercitus
347 2541 472 2599 andaset
484 2583 493 2612 ‚
503 2560 678 2603 occursurum
702 2541 728 2598 ei
743 2538 892 2616 extempld
903 2541 952 2596 do·

167 2620 341 2678 meslicorum
354 2625 484 2692 funerum
509 2624 680 2679 staurarium.
704 2618 773 2677 Hac
794 2617 827 2675 in
845 2620 953 2694 vulgus

167 2697 337 2775 jactabant,
353 2694 570 2776 haudquaquam
591 2701 648 2780 ipsi
668 2700 762 2775 ignari
783 2708 953 2776 ,quantum

167 2776 224 2835 sibi
235 2777 275 2867 'ad
288 2779 386 2835 omnia
401 2780 507 2838 virium
522 2824 531 2852 ‚
547 2780 728 2864 Carthagine
746 2776 852 2850 amissi
870 2822 881 2851 ‚
898 2774 953 2836 de-

168 2866 315 2917 cessisset.

171 2994 174 3002 .
207 2934 354 2998 XXXIX.
375 2933 488 2996 Interea
514 2937 568 2999 Cn.
587 2936 693 2997 Laelius
709 2937 824 3014 legatus
840 2934 955 3017 Scipio-

168 3017 214 3080 nis
228 3016 350 3076 Romam
368 3015 456 3077 venit.
469 3017 589 3074 Postero
604 3017 651 3075 die
668 3021 699 3074 iu
718 3028 849 3076 senatum
862 3017 957 3075 intro·

202 3129 408 3199 29(lnunodico
425 3129 541 3201 gaudio)
577 3131 693 3196 speciem
706 3147 808 3200 magnac
832 3130 954 3184 simmia

169 3202 220 3257 Per
229 3199 401 3250 immodicum
413 3197 543 3266 gaudium,
576 3197 671 3249 hahere
696 3199 827 3250 videretur
852 3218 859 3247 s
891 3197 953 3266 quia

168 3283 222 3333 quo
236 3264 401 3333 Carthaginis
413 3280 545 3332 expugna·
576 3283 672 3330 nempe
680 3266 705 3315 id
717 3281 823 3317 necesse
833 3277 889 3316 arat
897 3280 955 3319 ma-

170 3334 271 3382 tionem
291 3332 456 3394 celebrabat‚
480 3330 544 3382 efle-
575 3349 655 3412 gnum
670 3333 752 3383 videri
764 3369 769 3391 ,
783 3332 814 3383 de
830 3344 955 3400 quotam

169 3398 238 3452 cisse
256 3411 285 3451 ut
302 3415 341 3451 res
362 3416 408 3467 per
425 3415 453 3451 se
464 3414 543 3466 parva
575 3397 955 3469 tmntodicumgaudiumesset
