2062 3786
150 188 153 194 ’
213 163 488 238 Nannnrro
536 163 692 234 XLIV.
781 167 880 234 115

65 270 196 344 deduci,
218 272 345 332 Neronis
371 271 506 349 legiones
531 267 666 327 Annibali
693 267 845 346 oppositas

32 354 34 365 '
64 369 186 415 manere
202 352 233 408 in
253 352 404 432 provincia
423 354 580 430 iusserunt.
614 348 692 406 lnter
711 346 865 406 consules*

66 431 108 497 ita
129 451 181 512 per
203 429 321 492 litteras
340 435 500 502 convenit,
524 441 577 501 ut,
599 423 846 506 quemadmodum

66 531 126 571 uno
140 513 239 571 animo
249 512 463 592 rempublicam
478 511 657 588 gessissent,
676 507 738 578 it'a,
755 526 847 586 quan-

67 612 154 672 quam
172 612 209 651 ex
224 592 345 653 diversis
361 592 533 670 regionibus
553 589 742 648 convenirent
753 633 773 660 ,.
787 607 847 651 uno

68 684 202 753 tempore
228 672 266 732 ad
291 673 393 733 urbem
416 670 597 733 accederent.
629 669 773 728 Praeneste
794 667 847 751 qui

65 754 150 832 prior
172 754 320 825 venisset,
349 752 493 832 collegam
515 751 559 810 ibi
582 751 713 828 opperiri
733 750 845 829 jussus.

65 833 155 894 Forte
172 833 214 892 ita
229 834 345 909 evenit,
362 847 394 892 ut
409 833 521 893 eodem·
534 831 581 889 die
596 829 683 889 ambo
698 831 847 890 Praeneste

65 913 212 975 venirent.
245 910 319 974 lude
351 915 504 995 praemisso
535 911 660 981 salicto,
684 923 723 968 ut
751 912 849 970 triduo

66 1004 135 1073 post
155 991 292 1073 frequens
309 1005 425 1057 senatus
449 993 482 1053 ad
504 991 592 1050 aedem
613 990 744 1052 Bellonae
765 992 849 1051 ades-

68 1083 135 1145 set,
154 1076 234 1131 omni
252 1074 448 1153 multitudine·¹
466 1073 583 1149 obviam
597 1071 710 1145 eflusa,
738 1073 774 1132 ad
799 1076 849 1132 urss

68 1151 136 1227 hem
159 1155 324 1215 accessere:
368 1147 373 1157 '
724 1160 727 1167 '
840 1156 843 1161 “

108 1233 252 1300 XXXIV·
270 1232 516 1296 Nemeeiutabant
532 1232 769 1303 modo'universi
789 1232 849 1293 cir-

66 1313 213 1387 cumfusi,
233 1317 283 1376 sed
303 1317 473 1392 contingere
488 1335 543 1394 pro
559 1335 600 1372 se.
611 1315 733 1393 quisque
747 1315 850 1375 victri-

67 1413 117 1454 ces
138 1395 255 1456 dextras
275 1396 428 1458 consulum
448 1397 624 1476 cupientes,
647 1392 703 1453 alii⁴
718 1392 878 1477 grume--

68 1474 193 1546 bantur,
210 1476 261 1535 alii
275 1478 384 1555 gratias
394 1475 539 1554 agebant,
556 1474 636 1554 quod
648 1494 748 1532 eorum
758 1475 849 1554 operi

67 1554 225 1615 incolumis
238 1556 402 1639 respublica
416 1569 502 1617 esset·
525 1557 555 1614 lu
573 1567 672 1613 senatu
686 1555 753 1612 cum
766 1572 849 1611 more

68 1637 200 1695 omnium
224 1636 458 1718 imperatorum,
488 1637 631 1715 expositis
651 1636 737 1693 rebus
760 1634 796 1704 ab
816 1652 848 1690 se

55 1715 171 1794 gestis,
182 1720 390 1796 postulassent,
405 1732 433 1778 ut
448 1721 515 1795 (12)
525 1738 574 1795 pro
590 1716 727 1790 republicai
732 1717 850 1784 fortiter

63 1796 243 1879 feliciterque
268 1800 490 1870 administrati,
517 1809 544 1855 et
567 1802 621 1856 diis
645 1793 850 1853 immortalibus

68 1876 216 1939 haberetur
232 1881 336 1952 honos,
359 1893 387 1939 et
409 1882 476 1960 ipsis
501 1875 734 1958 triumphantibus
755 1878 850 1933 urbem

70 1959 140 2014 irrire
158 1958 276 2032 liceret;
297 1982 328 2018 se
345 1962 451 2033 sermea
465 1981 524 2040 qua
537 1957 713 2034 postularent
724 2000 736 2037 ,Ι
755 1961 850 2015 decer·

66 2055 137 2109 unere
150 2037 263 2111 Patres,
276 2041 375 2099 merito
386 2042 498 2098 deorum
509 2039 626 2117 primrlm
639 2082 647 2109 ,
661 2039 743 2107 daur,
755 2038 852 2113 sacua}

70 2116 133 2173 dum
147 2119 212 2176 dees
223 2118 364 2177 consulum
374 2114 391 2189 ‚'
402 2106 635 2196 responderem
656 2130 684 2173 et
701 2114 851 2196 supplica·

71 2194 153 2253 tione
178 2198 327 2274 amborum
350 2198 489 2268 nomiire,
515 2208 546 2255 et
561 2197 712 2276 triumpho
735 2194 851 2272 utrique

71 2273 210 2349 decreto,
225 2279 302 2336 inter
317 2279 396 2359 ipsos
406 2324 414 2350 ‚
426 2281 477 2349 ne,
494 2277 560 2336 cum
578 2277 686 2335 bellum
700 2272 851 2335 communi

71 2357 171 2416 animo
189 2359 368 2437 gessissent,
392 2358 573 2438 triumphum
598 2368 788 2437 separarent,
808 2356 851 2431 ita

72 2441 211 2496 convertit
229 2461 236 2498 ι
265 2442 321 2512 Ut,
335 2444 464 2519 queniam
481 2453 509 2500 et
522 2443 549 2498 ia
564 2439 703 2517 provincii
718 2437 764 2496 M.
778 2436 851 2512 Liuii

54 2536 117 2591 ‚res
132 2535 213 2596 gestu
225 2532 319 2590 esset,
342 2531 371 2578 et
384 2543 415 2580 eo
427 2524 491 2593 clia,
515 2541 567 2600 quo
579 2533 735 2598 pugnatum
748 2519 825 2583 foret
839 2536 849 2596 ¹,

73 2599 133 2675 ejus
139 2597 217 2668 forte
228 2604 379 2678 auspicium
386 2603 509 2669 fuisset,
523 2612 551 2658 et
562 2602 705 2658 exercitus
717 2599 862 2679 livianus

72 2684 208 2740 deductus
221 2680 334 2738 Romam
348 2682 482 2750 venisset,
498 2682 614 2741 Neronis
627 2684 724 2739 derlucr'
736 2705 787 2740 noa
799 2703 852 2762 pe·

72 2763 173 2822 ruisset
182 2765 216 2820 de
225 2761 377 2840 prouincia,
387 2772 417 2816 ut
428 2759 470 2818 M.
480 2762 586 2820 Livium
600 2764 747 2842 quadrigis
756 2762 851 2822 urbem

72 2844 210 2901 ineuntem
227 2842 334 2899 milites
348 2852 528 2918 sequerentur
538 2863 549 2912 ;
576 2841 609 2899 C.
625 2841 762 2902 Claudius
783 2864 852 2924 eque

73 2925 131 2983 sine
152 2921 290 2980 militibus
309 2918 491 2979 inveheretur.
839 2926 843 2933 '

92 3084 98 3096 ι
111 3036 141 3069 ra
154 3021 228 3084 (Pro
236 3021 378 3091 republica
384 3017 446 3087 for·
480 3039 608 3090 queesse;
621 3025 767 3086 sociorum,
780 3018 853 3095 lega-

75 3098 141 3137 trter
160 3084 338 3157 feliciterque
358 3086 446 3140 adrui·
478 3091 716 3152 torum,militum,
730 3093 852 3143 uirtutem

75 3150 214 3216 nistrutu‘)
232 3152 347 3205 Observa
359 3157 445 3219 irnpe-
479 3169 505 3206 et
524 3157 611 3208 iidem.
634 3159 723 3227 ltaque
743 3159 851 3210 illorum

75 3229 198 3282 fatorum,
206 3235 326 3271 eorumve
335 3238 444 3290 quorum
469 3220 577 3290 fortem
587 3236 615 3273 et
623 3220 747 3288 felicem,
756 3226 851 3278 horum

76 3286 194 3350 auspicio
212 3298 238 3334 et
257 3286 335 3338 ductu
350 3306 391 3339 res
405 3304 446 3354 ge·
470 3287 577 3358 sortem
589 3290 851 3361 etfirlelerrroperam

75 3351 446 3416 titurmirtutemfelicitatem·
479 3355 658 3430 dicisolitam.
