2016 3780
86 178 154 249 '158
324 176 447 249 Tm
493 176 644 251 L1v11

87 280 185 353 terri,
205 278 254 343 sed
267 292 346 343 terra
362 285 452 343 otiam
468 284 565 343 omnis
577 284 658 348 cited
668 284 785 347 refecta
798 285 885 351 turbt

86 366 260 442 spectaculo
275 365 478 441 navigantibus
498 375 569 427 erat.

129 441 182 502 ltt.
212 445 268 506 Ubi
292 444 419 516 illuxit,
441 442 542 523 Scipio
570 446 749 525 &pretorii
778 468 892 523 nave,-

87 523 207 584 silentio
221 544 275 605 per
291 543 455 602 preconem
471 524 571 598 facto,
597 527 688 600 Diui,
716 526 883 611 Dictaque,

87 604 203 681 inquit,
225 610 316 665 maria
341 617 485 686 terrasque
504 609 551 686 qui
571 607 687 681 colitis,
710 629 761 669 uos
780 630 885 689 precor

86 704 254 766 quasoqne,
278 691 320 746 uti
344 707 405 767 qun
427 688 456 744 in
480 708 540 746 meo
557 689 674 768 imperio
686 701 779 783 gesta
795 703 884 761 sunt,

85 777 243 846 geruntur,
264 778 381 847 postque
402 778 562 848 gerentur,
596 789 629 826 ea
652 768 744 840 muln,
775 770 884 850 populo

83 843 161 927 plebi
181 868 214 905 ue
235 845 391 915 Romane,
407 849 490 905 sociis
510 850 668 928 nominique
685 846 816 919 Latino,
835 852 883 930 qn·

83 868 180 1008 populi
198 927 332 998 Romani,
349 929 450 1007 quique
461 947 551 985 meam
566 939 672 987 sectam
683 970 692 998 ,
703 928 860 1009 imperium
873 972 881 1003 ,

84 1009 293 1088 auspiciumque
319 1006 416 1078 terni,
437 1008 531 1076 mari,
551 1006 737 1088 amnibusque
753 1030 882 1090 sequun-

85 1098 153 1156 tur,
179 1087 237 1161 (3)
270 1083 338 1146 beni
363 1097 526 1153 uerruncent
549 1107 560 1146 .·
592 1109 625 1147 ea
647 1108 681 1145 ue
707 1109 758 1148 uos
783 1093 879 1151 omnia

85 1165 153 1226 tent
178 1170 282 1248 junctis
304 1188 314 1224 ,·
343 1165 408 1243 (4)
443 1164 522 1224 bonis
553 1107 682 1226 auctilus
716 1172 841 1230 anxitis
868 1192 879 1229 .·

84 1246 177 1308 saluos
200 1246 404 1326 incolumesque
423 1247 503 1305 uictis
521 1245 715 1325 perduellibus
735 1252 878 1325 uictores,

84 1325 182 1407 spoliis
209 1331 376 1396 decoratos,
404 1323 496 1405 peada*
519 1340 630 1388 onustos
649 1329 876 1408 triumphantes·

104 1427 158 1478 ue,
175 1427 281 1466 mecum
298 1410 394 1464 domm
414 1410 527 1466 reduces
539 1408 649 1467 sistatis
663 1431 674 1465 .·
696 1410 876 1471 inimicorum

83 1428 259 1569 lostiumque
281 1485 499 1545 ulciscendorum
515 1490 621 1568 copiam
638 1489 781 1558 faxitis:
800 1513 875 1573 que·

84 1588 138 1648 que
159 1565 278 1648 populus
306 1565 551 1647 Carthaginiensis
584 1573 612 1629 in
639 1570 786 1629 ciuitatem
811 1595 874 1632 nos·

85 1659 159 1707 tram
175 1651 273 1719 facere
296 1646 411 1707 molitus
429 1660 494 1717 cst,
522 1648 584 1724 (ὁ)
610 1669 643 1708 ea
655 1660 688 1707 ut
700 1649 774 1709 milti
785 1673 875 1733 popu·

83 1726 167 1808 loque
201 1729 326 1789 Romano
356 1729 385 1784 in
416 1729 556 1787 civitatem
589 1725 873 1805 Carthaginiensium

83 1807 220 1887 exempla
247 1809 347 1867 edendi
373 1806 544 1878 facultatem
578 1810 661 1868 dctis.
698 1808 876 1873 Secundum

83 1903 133 1944 eas
161 1904 287 1965 preces,
310 1883 398 1945 cruda
427 1897 517 1956 enta,
542 1886 622 1946 censi
646 1886 794 1964 vistim,
829 1894 876 1954 uti

81 1980 170 2037 mos,
191 1962 250 2042 (6)
274 1965 305 2022 in
327 1982 408 2025 mare
428 1964 581 2047 peruicit,
605 1967 734 2048 tubaque
752 1974 875 2052 signum

82 2042 163 2104 dedit
187 2041 406 2126 proficiscendi.

123 2123 177 2188 lv.
196 2127 295 2191 Vento
307 2124 435 2188 secundo
453 2125 621 2187 vehementi
637 2128 708 2188 satis
721 2135 873 2211 profecti,

82 2204 222 2266 celeriter
239 2206 257 2265 ὸ
279 2216 439 2288 conspectu
459 2218 549 2266 terrac
570 2206 658 2269 ablati
679 2223 746 2269 snut
768 2234 775 2272 :
802 2228 835 2276 et
854 2217 871 2278 d

81 2286 207 2347 meridie
222 2286 330 2346 nebula
346 2287 485 2368 occepit,
513 2288 554 2346 ita
579 2300 611 2349 ut
633 2293 686 2349 vix
706 2309 870 2359 concursus

81 2368 199 2427 navium
216 2367 294 2424 inter
305 2385 337 2425 sn
351 2366 487 2424 vitarent.
509 2365 620 2428 Lenior
635 2382 740 2431 ventus
759 2374 871 2438 inulto

81 2445 187 2506 tactus.
202 2445 329 2506 Noctem
340 2444 544 2522 insequentem
558 2447 664 2509 endem
679 2451 779 2531 caligo
791 2458 867 2518 obti-

80 2527 163 2585 nuit:
177 2524 240 2585 sole
252 2535 318 2584 orto
328 2535 374 2585 est
386 2523 537 2600 discussa,
552 2538 583 2587 st
593 2528 694 2591 addita
707 2534 752 2593 vis
766 2552 867 2599 vento.

114 2667 129 2717 n
150 2664 248 2732 (Benl
268 2668 453 2737 verruncent)
486 2665 551 2732 bun,
577 2669 653 2722 malis
670 2669 791 2743 allicere,
809 2692 871 2749 qua

79 2730 151 2783 Bene
166 2742 277 2784 vertant.
486 2751 535 2800 pro
548 2753 594 2788 sue
608 2740 793 2808 magnitudine
806 2764 871 2813 pos.

112 2800 130 2862 4
150 2798 254 2863 (Bonis
265 2797 391 2851 auctibus
403 2820 453 2852 au-
486 2803 541 2853 sint
550 2804 580 2856 in
590 2806 739 2872 exemplum
751 2811 869 2875 adduci,

79 2863 170 2929 citis)
191 2863 272 2916 Bonis
282 2864 453 2921 incrementis
486 2869 530 2920 vel
551 2873 673 2941 exemplo
691 2875 786 2928 ceteris
810 2898 870 2934 esso

79 2930 203 2998 augeatis.
487 2948 515 2987 ut
530 2938 628 2991 similia
640 2956 820 3007 praecaveant.

111 2999 222 3063 5(En...
232 2997 357 3062 exempla
368 3000 453 3052 eden·
518 3002 535 3053 6
555 3006 609 3070 (In
627 3026 702 3059 nccare
739 3013 868 3082 ocrc'cc't)

79 3061 125 3130 di)
139 3064 184 3115 Sic
196 3060 374 3128 apun'reniu
383 3067 450 3118 Eun.
486 3065 544 3120 Hoc
560 3072 667 3124 verbnm
681 3025 804 3128 colimne
823 3099 868 3133 sa·

78 3128 139 3182 Act.
162 3130 194 3180 V.
214 3127 259 3180 Sc.
278 3144 303 3191 7.
329 3128 451 3199 Uterque
485 3147 588 3189 crorum
609 3152 656 3191 est.
669 3141 715 3193 Vir
732 3142 794 3193 ilius
813 3165 869 3198 en·-

79 3192 453 3273 inteexcmplactlctAExem·
484 3211 566 3268 taque
581 3199 678 3272 salsos
701 3158 867 3275 leniciam

76 3262 123 3327 pla
137 3262 211 3313 edere
224 3277 254 3312 tn
265 3262 378 3331 aliquem
391 3301 397 3327 ,
412 3280 452 3318 est
484 3264 636 3338 influctus.

77 3339 138 3379 oum
149 3329 295 3392 iisdamnis
302 3368 312 3399 ,
325 3332 451 3399 crucieti-
