2016 3780
191 213 463 292 Nsnnsuto
512 206 718 282 XLVII.
777 236 842 301 127

63 389 840 431 W

117 514 206 585 NA
230 515 261 585 R
285 515 374 619 RA
399 508 526 584 ΤἸΟ
574 509 781 582 XLVII.

232 687 381 789 Asiapae
413 685 657 791 oppugnatio

55 840 848 866 “mna—..nm

88 915 194 982 Astapa
206 914 270 966 urbs
280 915 428 982 Hispaniae
439 956 446 982 ,
463 912 743 987 Carthaginiensium
753 911 842 982 partis
856 903 912 953 U·⁰·
920 899 973 961 546¹

55 999 163 1047 semper
163 979 264 1050 ficerat
272 1019 279 1044 ,
300 996 330 1033 ‘et
345 983 515 1052 praecipuum
532 981 562 1034 in
582 984 715 1034 Romanos
728 978 845 1050 gerebat
855 963 909 1017 ²·C·
920 962 973 1017 ²0⁶¹

56 1045 160 1098 odium.
174 1046 222 1100 Act
234 1046 303 1099 bana
316 1048 409 1100 urbem
422 1049 636 1119 oppugnandam·
643 1048 706 1101 citus
720 1047 846 1099 admotus
908 1080 911 1085 -

56 1112 201 1164 exercitus
218 1128 291 1164 esset
309 1114 329 1166 ὰ
350 1115 462 1168 Marcio
477 1115 620 1180 Scipionis
635 1115 661 1166 le
684 1126 728 1165 ato
738 1151 745 1179 ,
769 1110 847 1182 oppi·

58 1177 126 1230 dani
134 1178 307 1232 couscientia*
318 1181 471 1246 scelerum,
484 1183 645 1252 ueniamque
657 1130 846 1249 (imperantes,

57 1242 170 1308 facinus
183 1244 211 1296 in
223 1264 253 1298 se
264 1267 298 1299 ae
311 1246 492 1318 suosfoedum
508 1267 542 1300 ae
552 1247 647 1319 ferum
659 1245 846 1300 consciscunt.

58 1313 133 1366 Nam
156 1308 321 1383 conjugibus
342 1333 376 1366 ac
396 1314 495 1368 liberis
517 1314 725 1367 insuccensnm
746 1328 846 1383 rugum

58 1375 193 1447 injectis,
215 1377 270 1447 ipsi
282 1399 313 1432 so
324 1378 416 1435 metlio
432 1379 563 1435 incendio
575 1377 827 1449 precipitaverunt.

59 1473 143 1588 AD
161 1529 265 1590 urbem
284 1531 424 1610 Astapam
453 1529 677 1614 oppugnandam
700 1529 769 1589 cum
792 1525 848 1588 ad-

59 1618 158 1669 motus
181 1611 331 1671 exercitus
356 1622 465 1682 esset,
499 1609 643 1692 oppidani
663 1608 848 1669 conscientia

58 1689 226 1765 scelerum,
250 1692 317 1770 quia
333 1711 388 1752 nec
400 1690 513 1751 deditio
526 1701 588 1751 tuta
600 1691 634 1751 ad
652 1702 710 1750 tam
724 1687 848 1761 infestus

58 1764 235 1846 videbatur,
258 1791 314 1831 nec
325 1791 393 1852 spes
404 1773 551 1834 moenibus
568 1783 618 1834 aut
629 1772 718 1832 armis
732 1768 848 1832 tuendae

60 1845 163 1912 salutis
183 1861 274 1926 eret,
300 1851 414 1913 lacinus
431 1854 464 1912 in
488 1873 520 1913 se
540 1873 574 1914 ac
595 1872 663 1912 suos
681 1850 791 1912 ioedum
812 1868 847 1911 ac

57 1924 155 1990 ferum
177 1935 374 1994 consciscunt.
398 1930 510 1994 Locum
537 1934 568 1992 in
589 1933 656 1993 foro
677 1931 847 2005 destinant,

59 2009 133 2084 quo!
146 2011 358 2090 pretiosissima
380 2032 478 2072 rerum
504 2032 621 2072 suarum
643 2024 849 2090 congererent.

59 2087 158 2169 Super
179 2111 245 2150 eum
268 2090 421 2152 cumulum
439 2096 581 2170 conjuges
598 2112 633 2154 ac
649 2091 760 2154 liberos
775 2111 849 2154 con-

61 2170 161 2229 sidere
176 2171 245 2230 eisin
264 2173 419 2249 jussissent
438 2217 447 2246 ,
480 2172 559 2251 ligna
577 2172 657 2234 circi
672 2182 849 2245 exstruunt,

58 2248 212 2330 fascesque
226 2251 419 2330 virgultorum
432 2255 604 2333 conjiciunt.
624 2253 849 2334 Quinquaginta
908 2281 910 2295 =

60 2331 167 2392 deinde
179 2336 299 2394 armatis
322 2333 478 2415 juvenibus
492 2335 693 2416 precipiunt,
717 2346 750 2396 ut
762 2340 849 2395 donec

61 2418 184 2477 incertus
195 2428 307 2476 euentus
319 2437 423 2496 pagna
435 2428 529 2489 esset,
553 2419 714 2496 presidium
736 2436 768 2475 eo
787 2415 847 2476 laco

54 2497 236 2565 fortunarum
258 2518 395 2570 suarum,
418 2518 641 2579 corporumque,
661 2517 722 2578 qua
737 2499 848 2556 cariora

54 2579 183 2648 fanonis
203 2589 297 2639 essent
317 2591 512 2649 ‚tenorent
538 2575 570 2638 Si
597 2599 655 2638 rem
681 2575 848 2642 inclinatam

59 2658 186 2717 viderent
199 2696 208 2731 ‚
237 2668 322 2739 atque
334 2660 362 2717 in
373 2660 471 2739 eajam
482 2680 542 2719 esse
558 2671 590 2719 ut
604 2657 671 2719 urbe
682 2671 848 2736 caperetur,
889 2680 893 2685 ·

57 2738 183 2809 seirent,
196 2761 371 2820 omnesquae
387 2752 482 2800 euntes
495 2742 523 2799 in
533 2738 662 2820 pralium
679 2752 822 2800 cernerent
835 2782 847 2811 ,

58 2830 177 2881 mortem
194 2823 223 2879 in
240 2823 301 2899 ipsa
318 2841 414 2900 pugna
433 2818 564 2881 obituros.
581 2819 652 2881 illos
673 2841 766 2900 seper
779 2826 849 2885 deas

59 2920 174 2978 superas
185 2902 346 2981 inferosque
357 2923 456 2975 orare,
473 2913 523 2961 aut
535 2922 672 2978 memores
684 2901 848 2972 libertatis,

62 2999 122 3057 qna
146 2980 197 3041 iilo
221 2984 267 3042 dia
290 2994 342 3043 aut
365 2994 454 3043 morte
470 2983 609 3054 innuisti,
639 2992 691 3042 aut
712 2985 848 3042 seruitute

63 3061 294 3134 infamifinienda
306 3076 401 3136 esset,
424 3064 496 3124 nibil
509 3064 697 3144 relinquerent
710 3106 719 3135 ,
733 3065 762 3122 in
773 3065 849 3144 quati

62 3143 158 3201 satire
175 3143 264 3201 iratus
280 3144 368 3203 tostis
387 3158 495 3225 posset.
513 3146 628 3205 Ferrum
650 3145 798 3223 ignemque
818 3146 849 3201 in

62 3218 191 3284 manibus
213 3225 404 3286 esse-Amne
420 3246 454 3285 aa
468 3226 572 3298 fideles
585 3223 677 3302 potiris
699 3245 758 3292 ea,
785 3243 848 3304 qua
899 3278 906 3287 .
942 3284 945 3289 .

61 3304 186 3381 peritura
210 3318 326 3379 essent,
351 3304 530 3365 absumerent
549 3324 670 3375 monus,
700 3301 783 3385 quim
803 3307 848 3365 iu·

61 3379 204 3448 tullerant
221 3384 338 3469 superba
361 3384 480 3453 ludibrio
504 3384 608 3449 isses.
622 3382 686 3527 l{jis
708 3382 846 3451 adnosta-
