2016 3780
204 261 268 335 rto
428 247 554 318 Trrc
598 245 750 319 L1v11

201 358 369 435 imperatore
389 375 467 435 agro
487 352 576 413 seriis
591 354 875 421 numeratum-satis
898 352 988 434 digne

201 457 287 495 causa
302 438 380 507 suit,
395 440 446 493 cu'r
454 437 556 512 patria
568 437 729 493 indiceretis
744 433 870 504 beilum,
887 457 940 493 cur
950 439 990 495 ad

202 515 351 594 lilergetes
380 518 571 574 descisceretis
598 514 615 570 ci
643 514 745 594 populo
778 517 926 573 Romano:
940 536 989 574 cur

202 596 275 655 nibil
296 598 450 654 diuinarum
472 594 688 653 humanarumue
712 616 802 653 rerum
823 596 990 654 inuiolatam

202 675 277 734 uobis
295 686 366 733 esset
374 679 382 733 ῖ
390 675 537 733 Insanistis
551 679 690 754 projecto,
701 675 825 734 milites:
835 697 886 733 nec
898 678 991 752 rnup'or

201 758 231 814 in
250 775 348 833 carpus
365 776 458 814 meum
473 759 513 813 ris
527 754 615 814 morbi
630 755 732 834 ,quim
749 759 778 813 in
789 769 900 814 restrae
915 779 992 814 men·

201 846 246 895 tes
257 834 476 895 inuasit.Horret
488 839 598 895 animus
610 840 727 908 refferre
736 839 804 915 quid
816 839 992 895 crediderint

200 915 324 974 homines
336 959 345 985 ‚
359 921 427 996 quid
445 921 633 994 sperauerint,
655 920 723 998 quid
744 919 913 995 optaverint.
930 919 990 974 Au-

194 999 277 1066 ferat
295 1000 387 1054 omnia
410 989 492 1055 irrita
514 996 634 1068 obliuio,
647 1001 774 1075 sipotest
786 1038 796 1066 ,
808 1000 834 1053 si
852 1017 909 1054 non
925 1010 994 1068 ‚ut·

200 1098 317 1155 eumque
337 1074 479 1135 silentium
500 1089 591 1155 tegat.
614 1076 677 1136 Non
698 1079 858 1154 negaverim
877 1080 988 1135 tristem

201 1171 378 1238 atrocemque
387 1155 462 1215 uobis
475 1157 562 1214 risum
575 1160 726 1216 orationem
736 1180 747 1213 :
756 1159 860 1236 quanti
874 1160 989 1215 creditis

195 1242 280 1309 facta
301 1250 391 1296 uestra
406 1237 545 1294 atrociora
562 1257 640 1307 esse,
655 1237 737 1316 quim
753 1239 829 1294 dicta
848 1258 914 1294 mea
932 1240 941 1296 i
960 1247 988 1294 et

200 1339 247 1378 me
260 1339 293 1375 ea
308 1335 367 1394 que
382 1319 515 1387 fecistis,
533 1319 595 1394 pati
614 1337 720 1396 aquom
741 1317 876 1374 censetis:
888 1339 938 1375 vos
953 1335 989 1374 ne

202 1401 258 1457 dici
269 1399 378 1477 quidem
395 1400 488 1454 omnia
502 1418 580 1476 aquo
596 1399 688 1454 animo
698 1398 836 1465 ferretis?
848 1400 900 1455 sed
915 1417 987 1455 neea

202 1481 314 1560 quidem
322 1480 382 1556 ipsa
394 1477 470 1536 ultrei
478 1474 730 1554 exprobrabantur.
744 1477 859 1535 Utinam
871 1487 932 1534 tam
938 1483 989 1549 sa-

203 1556 257 1619 ciie¹
274 1579 320 1616 voe
332 1556 535 1616 obliuiscamini
552 1578 670 1628 eorum,
696 1557 778 1637 quim
808 1577 862 1635 ego
878 1555 990 1616 oblisis·

203 1660 253 1699 car
268 1637 278 1697 i
291 1635 390 1718 ltaque
408 1641 481 1719 quod
496 1641 533 1697 ad
551 1660 597 1696 uos
611 1640 751 1697 uniuersos
760 1640 887 1709 attinet,
904 1641 931 1695 si
943 1659 988 1696 er-

205 1723 276 1781 roris
283 1724 400 1798 penitet
414 1721 506 1790 ‚satie
519 1739 655 1800 superque
689 1739 809 1778 unarum
822 1717 921 1776 babeo.
936 1716 991 1775 At·

204 1799 266 1858 bias
284 1797 427 1871 Calenus,
447 1811 478 1858 et
499 1797 598 1860 Atrius
616 1741 741 1871 Umber,
765 1809 795 1856 et
808 1801 895 1858 ceteri
911 1797 991 1867 nesa-

202 1882 251 1937 ria
261 1881 408 1937 seditionis
421 1891 570 1948 auctores,
591 1875 728 1954 sanguine
755 1877 834 1934 luent
851 1882 926 1956 quod
938 1883 990 1934 ad-

201 1956 350 2019 miserunt.
370 1954 459 2018 Vobis
471 1958 604 2039 supplicii
616 1978 709 2016 earum
729 1956 918 2036 spectaculum
933 1976 993 2014 non

201 2039 283 2098 modo
300 2059 354 2096 nou
375 2042 524 2111 acerbum,
540 2043 590 2099 sed
613 2037 710 2099 latum
739 2040 825 2096 etiam
840 2073 856 2107 -,
869 2041 895 2096 si
917 2054 989 2094 sana

202 2136 281 2176 mens
304 2120 410 2190 rediit,
427 2119 510 2180 debet
535 2142 604 2180 esse.
627 2119 672 2178 De
695 2115 783 2176 nullis
809 2120 882 2177 enim
905 2116 989 2196 quim

203 2201 239 2257 de
255 2202 330 2256 uobis
342 2200 489 2269 infestius,
503 2213 554 2260 aut
571 2202 708 2258 inimicicie
720 2198 928 2256 consuluerunt.

113 2302 193 2354 Dm„
245 2277 329 2339 ΧΧΙ.
355 2278 413 2339 Vix
434 2279 524 2338 finem
550 2278 668 2338 dicendi
700 2278 836 2349 fecerat,
858 2277 929 2336 cum
952 2295 989 2338 ex

73 2365 171 2411 seditio-

204 2368 370 2436 praeparato
384 2359 473 2419 simul
495 2358 627 2418 omnium
654 2379 753 2417 rerum
776 2367 871 2416 terror
893 2356 990 2418 oculis

74 2423 114 2469 '²¹¹'
143 2441 190 2484 W·
206 2437 383 2515 auribusque
406 2450 452 2498 est
467 2439 590 2499 offusus.
610 2439 788 2511 Exercitus,
811 2438 862 2517 qui
878 2439 991 2498 corani

72 2489 185 2537 naedon‘

189 2517 380 2577 ‘concionem
408 2519 674 2591 circumdederat,
705 2515 816 2596 gladiis
838 2518 873 2578 ad
906 2531 991 2581 scuta

204 2598 388 2677 concrepuit.
415 2601 561 2663 Praeconis
592 2598 694 2660 audita
714 2619 775 2660 vox
800 2599 922 2660 citantis
937 2621 992 2661 no·

203 2677 285 2736 mina
297 2677 498 2744 damttatorum
519 2685 551 2742 in
564 2681 701 2743 concilio.
719 2679 798 2742 Nudi
811 2682 843 2740 in
855 2681 992 2742 medium

201 2757 448 2836 protrahebantur
465 2785 471 2821 :
488 2775 518 2821 et
535 2763 624 2822 simul
636 2763 733 2823 amuis
745 2772 906 2843 apparatus
923 2782 993 2842 sup-

202 2833 289 2914 plicii
309 2841 549 2916 expromebatur.
569 2843 703 2922 Deligari
722 2842 759 2902 ad
776 2841 903 2921 palum,
930 2845 993 2902 vir·

202 2914 306 2994 gisquo
319 2919 386 2976 eaesi
403 2933 453 2991 ‚et
469 2924 567 2982 securi
587 2924 739 3003 percussi,
755 2922 827 2982 adab
841 2925 993 3002 torpenti·

202 2994 258 3057 bus
274 3010 354 3058 metu
370 3001 419 3077 qui
435 3001 554 3060 aderaut
570 3014 603 3063 ut
620 3024 678 3061 non
690 3003 777 3063 modo
788 3003 917 3064 ferocior
934 3025 993 3067 vox

126 3070 134 3139 .’
203 3076 341 3138 adversus
369 3082 554 3141 atrocitatem
587 3100 681 3160 poenae
703 3127 713 3154 ‚
736 3082 786 3141 sed
823 3105 859 3143 ne
893 3087 992 3162 gemi-

153 3210 158 3219 .
202 3164 252 3219 tus
274 3159 392 3238 quidem
410 3160 612 3223 exaudiretur.
640 3161 708 3240 (23)
734 3163 835 3225 Tracti
857 3167 926 3226 inde
954 3167 992 3226 de

216 3248 222 3315 s
236 3268 270 3319 ab
285 3266 295 3332 (
308 3265 402 3320 Tracti
408 3264 517 3320 indede
527 3285 585 3319 me·
617 3268 693 3319 nium
709 3269 755 3336 qui
771 3270 856 3319 securi
870 3271 991 3338 percussi

229 3330 236 3345 ⁰
251 3351 363 3387 ornnes
374 3335 384 3398 )
397 3332 493 3385 Tracta
509 3334 583 3384 dein·
616 3336 719 3391 fueraut
733 3351 853 3403 corpore.

299 3398 400 3457 „medo
414 3417 505 3457 aarum
525 3417 583 3454 om.
