<?xml version="1.0" encoding="UTF-8"?>
<!DOCTYPE html PUBLIC "-//W3C//DTD XHTML 1.0 Transitional//EN"
    "http://www.w3.org/TR/xhtml1/DTD/xhtml1-transitional.dtd">
<html xmlns="http://www.w3.org/1999/xhtml" xml:lang="en" lang="en">
 <head>
  <title>
</title>
<meta http-equiv="Content-Type" content="text/html;charset=utf-8" />
  <meta name='ocr-system' content='tesseract 3.04.00' />
  <meta name='ocr-capabilities' content='ocr_page ocr_carea ocr_par ocr_line ocrx_word'/>
</head>
<body>
  <div class='ocr_page' id='page_1' title='image "./selectaetitoliv00livygoog_0013.png"; bbox 0 0 2016 3780; ppageno 0'>
   <div class='ocr_carea' id='block_1_1' title="bbox 107 182 672 282">
    <p class='ocr_par' dir='ltr' id='par_1_1' title="bbox 107 182 672 282">
     <span class='ocr_line' id='line_1_1' title="bbox 107 182 672 282; baseline 0.002 -1"><span class='ocrx_word' id='word_1_1' title='bbox 107 182 132 281; x_wconf 64' lang='lat' dir='ltr'>d</span> <span class='ocrx_word' id='word_1_2' title='bbox 335 208 466 280; x_wconf 80' lang='lat' dir='ltr'>Trur</span> <span class='ocrx_word' id='word_1_3' title='bbox 511 211 672 282; x_wconf 74' lang='lat' dir='ltr'>Lim</span> 
     </span>
    </p>
   </div>
   <div class='ocr_carea' id='block_1_2' title="bbox 106 313 897 719">
    <p class='ocr_par' dir='ltr' id='par_1_2' title="bbox 106 313 897 719">
     <span class='ocr_line' id='line_1_2' title="bbox 107 313 896 395; baseline 0.008 -22"><span class='ocrx_word' id='word_1_4' title='bbox 107 313 184 373; x_wconf 82' lang='lat' dir='ltr'>tium</span> <span class='ocrx_word' id='word_1_5' title='bbox 197 313 346 373; x_wconf 84' lang='lat' dir='ltr'>exercitus</span> <span class='ocrx_word' id='word_1_6' title='bbox 361 333 417 395; x_wconf 88' lang='lat' dir='ltr'>per</span> <span class='ocrx_word' id='word_1_7' title='bbox 430 315 616 375; x_wconf 80' lang='lat' dir='ltr'>occasionem</span> <span class='ocrx_word' id='word_1_8' title='bbox 641 334 676 376; x_wconf 90' lang='lat' dir='ltr'>ac</span> <span class='ocrx_word' id='word_1_9' title='bbox 698 315 896 379; x_wconf 70' lang='lat' dir='ltr'><strong>solitudinem</strong></span> 
     </span>
     <span class='ocr_line' id='line_1_3' title="bbox 106 392 895 459; baseline 0.003 -4"><span class='ocrx_word' id='word_1_10' title='bbox 106 392 261 455; x_wconf 74' lang='lat' dir='ltr'>hostiliter</span> <span class='ocrx_word' id='word_1_11' title='bbox 282 396 318 452; x_wconf 87' lang='lat' dir='ltr'>iu</span> <span class='ocrx_word' id='word_1_12' title='bbox 335 392 409 454; x_wconf 77' lang='lat' dir='ltr'>fines</span> <span class='ocrx_word' id='word_1_13' title='bbox 427 394 577 456; x_wconf 83' lang='lat' dir='ltr'>Romanoa</span> <span class='ocrx_word' id='word_1_14' title='bbox 592 396 794 457; x_wconf 68' lang='lat' dir='ltr'>incursionem</span> <span class='ocrx_word' id='word_1_15' title='bbox 811 397 895 459; x_wconf 80' lang='lat' dir='ltr'>iecit.</span> 
     </span>
     <span class='ocr_line' id='line_1_4' title="bbox 106 472 897 558; baseline 0.006 -23"><span class='ocrx_word' id='word_1_16' title='bbox 106 473 229 554; x_wconf 82' lang='lat' dir='ltr'>Raptim</span> <span class='ocrx_word' id='word_1_17' title='bbox 248 484 281 531; x_wconf 85' lang='lat' dir='ltr'>et</span> <span class='ocrx_word' id='word_1_18' title='bbox 295 472 336 532; x_wconf 85' lang='lat' dir='ltr'>ad</span> <span class='ocrx_word' id='word_1_19' title='bbox 350 473 410 533; x_wconf 84' lang='lat' dir='ltr'>hus.</span> <span class='ocrx_word' id='word_1_20' title='bbox 420 474 551 535; x_wconf 78' lang='lat' dir='ltr'>Romam</span> <span class='ocrx_word' id='word_1_21' title='bbox 566 475 649 554; x_wconf 82' lang='lat' dir='ltr'>legio</span> <span class='ocrx_word' id='word_1_22' title='bbox 661 477 749 539; x_wconf 80' lang='lat' dir='ltr'>ducta</span> <span class='ocrx_word' id='word_1_23' title='bbox 761 477 897 558; x_wconf 78' lang='lat' dir='ltr'>palantes</span> 
     </span>
     <span class='ocr_line' id='line_1_5' title="bbox 107 552 897 637; baseline 0.01 -26"><span class='ocrx_word' id='word_1_24' title='bbox 107 555 140 612; x_wconf 91' lang='lat' dir='ltr'>in</span> <span class='ocrx_word' id='word_1_25' title='bbox 156 552 234 631; x_wconf 85' lang='lat' dir='ltr'>agris</span> <span class='ocrx_word' id='word_1_26' title='bbox 250 555 408 632; x_wconf 81' lang='lat' dir='ltr'>oppressit.</span> <span class='ocrx_word' id='word_1_27' title='bbox 430 555 504 616; x_wconf 84' lang='lat' dir='ltr'>Fosi</span> <span class='ocrx_word' id='word_1_28' title='bbox 515 555 611 634; x_wconf 81' lang='lat' dir='ltr'>igitur</span> <span class='ocrx_word' id='word_1_29' title='bbox 622 557 721 636; x_wconf 82' lang='lat' dir='ltr'>primo</span> <span class='ocrx_word' id='word_1_30' title='bbox 732 559 848 637; x_wconf 85' lang='lat' dir='ltr'>impetu</span> <span class='ocrx_word' id='word_1_31' title='bbox 864 569 897 619; x_wconf 87' lang='lat' dir='ltr'>et</span> 
     </span>
     <span class='ocr_line' id='line_1_6' title="bbox 106 631 897 719; baseline 0.006 -27"><span class='ocrx_word' id='word_1_32' title='bbox 106 633 240 692; x_wconf 81' lang='lat' dir='ltr'>clamore</span> <span class='ocrx_word' id='word_1_33' title='bbox 256 631 357 692; x_wconf 80' lang='lat' dir='ltr'>[tostos</span> <span class='ocrx_word' id='word_1_34' title='bbox 374 655 381 693; x_wconf 92' lang='lat'>:</span> <span class='ocrx_word' id='word_1_35' title='bbox 399 634 545 715; x_wconf 89' lang='lat' dir='ltr'>oppidum</span> <span class='ocrx_word' id='word_1_36' title='bbox 559 645 703 717; x_wconf 81' lang='lat' dir='ltr'>captum3</span> <span class='ocrx_word' id='word_1_37' title='bbox 720 636 897 719; x_wconf 78' lang='lat' dir='ltr'>duplicique</span> 
     </span>
    </p>
   </div>
   <div class='ocr_carea' id='block_1_3' title="bbox 105 712 897 958">
    <p class='ocr_par' dir='ltr' id='par_1_3' title="bbox 105 712 897 958">
     <span class='ocr_line' id='line_1_7' title="bbox 107 712 897 798; baseline 0.01 -28"><span class='ocrx_word' id='word_1_38' title='bbox 107 712 233 773; x_wconf 68' lang='lat' dir='ltr'>victorii</span> <span class='ocrx_word' id='word_1_39' title='bbox 265 726 403 773; x_wconf 79' lang='lat' dir='ltr'>ovantem</span> <span class='ocrx_word' id='word_1_40' title='bbox 431 714 593 776; x_wconf 81' lang='lat' dir='ltr'>Romulum</span> <span class='ocrx_word' id='word_1_41' title='bbox 622 716 756 778; x_wconf 79' lang='lat' dir='ltr'>Hersilia</span> <span class='ocrx_word' id='word_1_42' title='bbox 785 719 897 798; x_wconf 83' lang='lat' dir='ltr'>conjux</span> 
     </span>
     <span class='ocr_line' id='line_1_8' title="bbox 105 793 897 933; baseline 0.005 -81"><span class='ocrx_word' id='word_1_43' title='bbox 105 793 249 933; x_wconf 47' lang='lat' dir='ltr'>menibus</span> <span class='ocrx_word' id='word_1_44' title='bbox 266 794 578 888; x_wconf 66' lang='lat' dir='ltr'>raptarumfatigata,</span> <span class='ocrx_word' id='word_1_45' title='bbox 600 809 684 889; x_wconf 84' lang='lat' dir='ltr'>orat,</span> <span class='ocrx_word' id='word_1_46' title='bbox 703 810 738 856; x_wconf 91' lang='lat' dir='ltr'>ut</span> <span class='ocrx_word' id='word_1_47' title='bbox 759 798 897 878; x_wconf 85' lang='lat' dir='ltr'>parenti-</span> 
     </span>
     <span class='ocr_line' id='line_1_9' title="bbox 148 874 897 958; baseline 0.008 -26"><span class='ocrx_word' id='word_1_48' title='bbox 148 893 169 932; x_wconf 87' lang='lat' dir='ltr'>s.</span> <span class='ocrx_word' id='word_1_49' title='bbox 185 892 286 933; x_wconf 85' lang='lat' dir='ltr'>earum</span> <span class='ocrx_word' id='word_1_50' title='bbox 301 874 350 932; x_wconf 86' lang='lat' dir='ltr'>det</span> <span class='ocrx_word' id='word_1_51' title='bbox 365 893 482 934; x_wconf 83' lang='lat' dir='ltr'>ventam</span> <span class='ocrx_word' id='word_1_52' title='bbox 496 887 526 935; x_wconf 88' lang='lat' dir='ltr'>et</span> <span class='ocrx_word' id='word_1_53' title='bbox 539 877 571 934; x_wconf 89' lang='lat' dir='ltr'>in</span> <span class='ocrx_word' id='word_1_54' title='bbox 590 880 741 937; x_wconf 81' lang='lat' dir='ltr'>civitatem</span> <span class='ocrx_word' id='word_1_55' title='bbox 755 879 897 958; x_wconf 85' lang='lat' dir='ltr'>accipiat.</span> 
     </span>
    </p>
   </div>
   <div class='ocr_carea' id='block_1_4' title="bbox 106 951 898 1113">
    <p class='ocr_par' dir='ltr' id='par_1_4' title="bbox 106 951 898 1113">
     <span class='ocr_line' id='line_1_10' title="bbox 106 951 898 1092; baseline 0.006 -79"><span class='ocrx_word' id='word_1_56' title='bbox 106 951 232 1092; x_wconf 45' lang='lat' dir='ltr'>Itanum</span> <span class='ocrx_word' id='word_1_57' title='bbox 246 953 416 1015; x_wconf 65' lang='lat' dir='ltr'>contenere</span> <span class='ocrx_word' id='word_1_58' title='bbox 432 955 593 1016; x_wconf 71' lang='lat' dir='ltr'>concordii</span> <span class='ocrx_word' id='word_1_59' title='bbox 602 975 715 1038; x_wconf 76' lang='lat' dir='ltr'>possa5</span> <span class='ocrx_word' id='word_1_60' title='bbox 733 957 822 1018; x_wconf 72' lang='lat' dir='ltr'>facile</span> <span class='ocrx_word' id='word_1_61' title='bbox 838 958 898 1017; x_wconf 88' lang='lat' dir='ltr'>im-</span> 
     </span>
     <span class='ocr_line' id='line_1_11' title="bbox 106 1045 268 1113; baseline -0.012 -19"><span class='ocrx_word' id='word_1_62' title='bbox 106 1051 147 1113; x_wconf 79' lang='lat' dir='ltr'>pe</span> <span class='ocrx_word' id='word_1_63' title='bbox 176 1045 268 1094; x_wconf 79' lang='lat' dir='ltr'>amm.</span> 
     </span>
    </p>
   </div>
   <div class='ocr_carea' id='block_1_5' title="bbox 46 1124 949 3150">
    <p class='ocr_par' dir='ltr' id='par_1_5' title="bbox 46 1124 897 1209">
     <span class='ocr_line' id='line_1_12' title="bbox 46 1124 897 1209; baseline 0.001 -23"><span class='ocrx_word' id='word_1_64' title='bbox 46 1151 97 1187; x_wconf 73' lang='lat' dir='ltr'>ses-</span> <span class='ocrx_word' id='word_1_65' title='bbox 147 1127 185 1190; x_wconf 66' lang='grc' dir='ltr'>ν.</span> <span class='ocrx_word' id='word_1_66' title='bbox 208 1124 280 1186; x_wconf 81' lang='lat' dir='ltr'>inde</span> <span class='ocrx_word' id='word_1_67' title='bbox 300 1136 403 1188; x_wconf 76' lang='lat' dir='ltr'>contra</span> <span class='ocrx_word' id='word_1_68' title='bbox 418 1125 628 1189; x_wconf 83' lang='lat' dir='ltr'>Crustuminos</span> <span class='ocrx_word' id='word_1_69' title='bbox 642 1127 815 1209; x_wconf 78' lang='lat' dir='ltr'>profectus,</span> <span class='ocrx_word' id='word_1_70' title='bbox 832 1128 897 1189; x_wconf 89' lang='lat' dir='ltr'>bel-</span> 
     </span>
    </p>

    <p class='ocr_par' dir='ltr' id='par_1_6' title="bbox 46 1204 900 1774">
     <span class='ocr_line' id='line_1_13' title="bbox 46 1204 899 1287; baseline 0.008 -25"><span class='ocrx_word' id='word_1_71' title='bbox 46 1204 169 1266; x_wconf 75' lang='lat' dir='ltr'>rumluni</span> <span class='ocrx_word' id='word_1_72' title='bbox 188 1205 360 1268; x_wconf 72' lang='lat' dir='ltr'>inferentes.</span> <span class='ocrx_word' id='word_1_73' title='bbox 396 1207 443 1268; x_wconf 83' lang='lat' dir='ltr'>tbi</span> <span class='ocrx_word' id='word_1_74' title='bbox 465 1206 563 1266; x_wconf 76' lang='lat' dir='ltr'>minus</span> <span class='ocrx_word' id='word_1_75' title='bbox 590 1209 707 1282; x_wconf 85' lang='lat' dir='ltr'>etiam,</span> <span class='ocrx_word' id='word_1_76' title='bbox 733 1207 813 1287; x_wconf 82' lang='lat' dir='ltr'>quod</span> <span class='ocrx_word' id='word_1_77' title='bbox 836 1211 899 1287; x_wconf 83' lang='lat' dir='ltr'>jam</span> 
     </span>
     <span class='ocr_line' id='line_1_14' title="bbox 109 1286 898 1360; baseline 0.005 -14"><span class='ocrx_word' id='word_1_78' title='bbox 109 1287 216 1347; x_wconf 77' lang='lat' dir='ltr'>ationis</span> <span class='ocrx_word' id='word_1_79' title='bbox 231 1287 371 1348; x_wconf 82' lang='lat' dir='ltr'>cladibus</span> <span class='ocrx_word' id='word_1_80' title='bbox 388 1286 563 1348; x_wconf 71' lang='lat' dir='ltr'>cediderunt</span> <span class='ocrx_word' id='word_1_81' title='bbox 583 1288 696 1360; x_wconf 86' lang='lat' dir='ltr'>enimi,</span> <span class='ocrx_word' id='word_1_82' title='bbox 720 1291 898 1351; x_wconf 71' lang='lat' dir='ltr'>certaminis</span> 
     </span>
     <span class='ocr_line' id='line_1_15' title="bbox 106 1367 900 1449; baseline 0 -21"><span class='ocrx_word' id='word_1_83' title='bbox 106 1367 174 1428; x_wconf 83' lang='lat' dir='ltr'>fuit.</span> <span class='ocrx_word' id='word_1_84' title='bbox 201 1368 335 1446; x_wconf 79' lang='lat' dir='ltr'>Utroque</span> <span class='ocrx_word' id='word_1_85' title='bbox 354 1369 480 1429; x_wconf 83' lang='lat' dir='ltr'>coloniae</span> <span class='ocrx_word' id='word_1_86' title='bbox 494 1369 614 1442; x_wconf 57' lang='lat' dir='ltr'>misam</span> <span class='ocrx_word' id='word_1_87' title='bbox 639 1369 741 1449; x_wconf 76' lang='lat' dir='ltr'>piures</span> <span class='ocrx_word' id='word_1_88' title='bbox 762 1369 900 1442; x_wconf 85' lang='lat' dir='ltr'>inventi,</span> 
     </span>
     <span class='ocr_line' id='line_1_16' title="bbox 107 1448 899 1530; baseline -0.003 -20"><span class='ocrx_word' id='word_1_89' title='bbox 107 1452 160 1530; x_wconf 90' lang='lat' dir='ltr'>qui</span> <span class='ocrx_word' id='word_1_90' title='bbox 184 1459 308 1529; x_wconf 87' lang='lat' dir='ltr'>propter</span> <span class='ocrx_word' id='word_1_91' title='bbox 331 1448 497 1508; x_wconf 84' lang='lat' dir='ltr'>ubertatem</span> <span class='ocrx_word' id='word_1_92' title='bbox 522 1461 607 1510; x_wconf 81' lang='lat' dir='ltr'>terrae</span> <span class='ocrx_word' id='word_1_93' title='bbox 628 1450 660 1508; x_wconf 89' lang='lat' dir='ltr'>in</span> <span class='ocrx_word' id='word_1_94' title='bbox 676 1448 899 1511; x_wconf 68' lang='lat' dir='ltr'>Qustuminum</span> 
     </span>
     <span class='ocr_line' id='line_1_17' title="bbox 108 1527 900 1610; baseline -0.003 -20"><span class='ocrx_word' id='word_1_95' title='bbox 108 1532 229 1591; x_wconf 87' lang='lat' dir='ltr'>nomina</span> <span class='ocrx_word' id='word_1_96' title='bbox 259 1528 387 1602; x_wconf 79' lang='lat' dir='ltr'>darent3</span> <span class='ocrx_word' id='word_1_97' title='bbox 420 1542 453 1590; x_wconf 89' lang='lat' dir='ltr'>et</span> <span class='ocrx_word' id='word_1_98' title='bbox 481 1530 606 1590; x_wconf 80' lang='lat' dir='ltr'>Romam</span> <span class='ocrx_word' id='word_1_99' title='bbox 631 1528 700 1590; x_wconf 84' lang='lat' dir='ltr'>indo</span> <span class='ocrx_word' id='word_1_100' title='bbox 727 1527 900 1610; x_wconf 84' lang='lat' dir='ltr'>frequenter</span> 
     </span>
     <span class='ocr_line' id='line_1_18' title="bbox 108 1609 900 1694; baseline -0.001 -21"><span class='ocrx_word' id='word_1_101' title='bbox 108 1615 271 1692; x_wconf 81' lang='lat' dir='ltr'>migratum</span> <span class='ocrx_word' id='word_1_102' title='bbox 280 1621 343 1682; x_wconf 86' lang='lat' dir='ltr'>est,</span> <span class='ocrx_word' id='word_1_103' title='bbox 360 1609 563 1693; x_wconf 66' lang='lat' dir='ltr'>&amp;parentibus</span> <span class='ocrx_word' id='word_1_104' title='bbox 577 1612 707 1673; x_wconf 73' lang='lat' dir='ltr'>maxime</span> <span class='ocrx_word' id='word_1_105' title='bbox 722 1629 756 1672; x_wconf 89' lang='lat' dir='ltr'>ac</span> <span class='ocrx_word' id='word_1_106' title='bbox 773 1610 900 1694; x_wconf 86' lang='lat' dir='ltr'>propin·</span> 
     </span>
     <span class='ocr_line' id='line_1_19' title="bbox 109 1695 365 1774; baseline 0 -22"><span class='ocrx_word' id='word_1_107' title='bbox 109 1695 177 1774; x_wconf 86' lang='lat' dir='ltr'>quis</span> <span class='ocrx_word' id='word_1_108' title='bbox 203 1702 365 1771; x_wconf 86' lang='lat' dir='ltr'>raptarum.</span> 
     </span>
    </p>

    <p class='ocr_par' dir='ltr' id='par_1_7' title="bbox 47 1779 904 2267">
     <span class='ocr_line' id='line_1_20' title="bbox 47 1779 898 1859; baseline -0.019 1"><span class='ocrx_word' id='word_1_109' title='bbox 47 1808 100 1859; x_wconf 79' lang='lat' dir='ltr'>ati.</span> <span class='ocrx_word' id='word_1_110' title='bbox 150 1785 204 1845; x_wconf 88' lang='lat' dir='ltr'>vt.</span> <span class='ocrx_word' id='word_1_111' title='bbox 226 1784 430 1842; x_wconf 77' lang='lat' dir='ltr'>Nouissimum</span> <span class='ocrx_word' id='word_1_112' title='bbox 451 1779 489 1840; x_wconf 90' lang='lat' dir='ltr'>ab</span> <span class='ocrx_word' id='word_1_113' title='bbox 509 1779 628 1841; x_wconf 74' lang='lat' dir='ltr'>Sabinis</span> <span class='ocrx_word' id='word_1_114' title='bbox 650 1780 767 1842; x_wconf 88' lang='lat' dir='ltr'>bellum</span> <span class='ocrx_word' id='word_1_115' title='bbox 782 1794 898 1856; x_wconf 87' lang='lat' dir='ltr'>ortum,</span> 
     </span>
     <span class='ocr_line' id='line_1_21' title="bbox 111 1859 902 1943; baseline -0.001 -20"><span class='ocrx_word' id='word_1_116' title='bbox 111 1864 268 1942; x_wconf 80' lang='lat' dir='ltr'>multoque</span> <span class='ocrx_word' id='word_1_117' title='bbox 293 1861 324 1919; x_wconf 91' lang='lat' dir='ltr'>id</span> <span class='ocrx_word' id='word_1_118' title='bbox 347 1861 510 1920; x_wconf 81' lang='lat' dir='ltr'>maximum</span> <span class='ocrx_word' id='word_1_119' title='bbox 531 1860 597 1920; x_wconf 86' lang='lat' dir='ltr'>fuit.</span> <span class='ocrx_word' id='word_1_120' title='bbox 626 1859 713 1920; x_wconf 88' lang='lat' dir='ltr'>Nihil</span> <span class='ocrx_word' id='word_1_121' title='bbox 737 1862 818 1922; x_wconf 86' lang='lat' dir='ltr'>enim</span> <span class='ocrx_word' id='word_1_122' title='bbox 845 1882 902 1943; x_wconf 79' lang='lat' dir='ltr'>per</span> 
     </span>
     <span class='ocr_line' id='line_1_22' title="bbox 111 1940 901 2022; baseline -0.004 -19"><span class='ocrx_word' id='word_1_123' title='bbox 111 1945 188 2003; x_wconf 85' lang='lat' dir='ltr'>iram</span> <span class='ocrx_word' id='word_1_124' title='bbox 207 1953 259 2001; x_wconf 83' lang='lat' dir='ltr'>aet</span> <span class='ocrx_word' id='word_1_125' title='bbox 274 1940 469 2022; x_wconf 81' lang='lat' dir='ltr'>cupiditatem</span> <span class='ocrx_word' id='word_1_126' title='bbox 485 1951 583 2002; x_wconf 87' lang='lat' dir='ltr'>actum</span> <span class='ocrx_word' id='word_1_127' title='bbox 599 1952 644 2001; x_wconf 87' lang='lat' dir='ltr'>est</span> <span class='ocrx_word' id='word_1_128' title='bbox 654 1967 664 2014; x_wconf 84' lang='lat'><em>3</em></span> <span class='ocrx_word' id='word_1_129' title='bbox 687 1960 741 2001; x_wconf 89' lang='lat' dir='ltr'>nec</span> <span class='ocrx_word' id='word_1_130' title='bbox 761 1942 901 2002; x_wconf 83' lang='lat' dir='ltr'>ostenda·</span> 
     </span>
     <span class='ocr_line' id='line_1_23' title="bbox 112 2020 902 2102; baseline -0.005 -17"><span class='ocrx_word' id='word_1_131' title='bbox 112 2033 180 2086; x_wconf 85' lang='lat' dir='ltr'>runt</span> <span class='ocrx_word' id='word_1_132' title='bbox 201 2020 313 2082; x_wconf 79' lang='lat' dir='ltr'>bellurn</span> <span class='ocrx_word' id='word_1_133' title='bbox 336 2022 419 2102; x_wconf 76' lang='lat' dir='ltr'>priris</span> <span class='ocrx_word' id='word_1_134' title='bbox 443 2022 531 2100; x_wconf 74' lang='lat' dir='ltr'>quim</span> <span class='ocrx_word' id='word_1_135' title='bbox 552 2021 747 2081; x_wconf 85' lang='lat' dir='ltr'>intulerunt:</span> <span class='ocrx_word' id='word_1_136' title='bbox 774 2021 902 2082; x_wconf 89' lang='lat' dir='ltr'>consilio</span> 
     </span>
     <span class='ocr_line' id='line_1_24' title="bbox 113 2100 902 2189; baseline 0.001 -25"><span class='ocrx_word' id='word_1_137' title='bbox 113 2104 204 2164; x_wconf 84' lang='lat' dir='ltr'>etiam</span> <span class='ocrx_word' id='word_1_138' title='bbox 228 2101 343 2163; x_wconf 82' lang='lat' dir='ltr'>additus</span> <span class='ocrx_word' id='word_1_139' title='bbox 371 2100 464 2162; x_wconf 80' lang='lat' dir='ltr'>dotus.</span> <span class='ocrx_word' id='word_1_140' title='bbox 505 2103 555 2189; x_wconf 85' lang='lat' dir='ltr'>Sp.</span> <span class='ocrx_word' id='word_1_141' title='bbox 588 2101 734 2184; x_wconf 74' lang='lat' dir='ltr'>Terpeius</span> <span class='ocrx_word' id='word_1_142' title='bbox 761 2100 902 2165; x_wconf 70' lang='lat' dir='ltr'>Romana</span> 
     </span>
     <span class='ocr_line' id='line_1_25' title="bbox 114 2181 904 2267; baseline -0.005 -21"><span class='ocrx_word' id='word_1_143' title='bbox 114 2195 239 2267; x_wconf 76' lang='lat' dir='ltr'>praeerat</span> <span class='ocrx_word' id='word_1_144' title='bbox 258 2185 343 2259; x_wconf 80' lang='lat' dir='ltr'>arci3</span> <span class='ocrx_word' id='word_1_145' title='bbox 366 2183 453 2264; x_wconf 84' lang='lat' dir='ltr'>hujus</span> <span class='ocrx_word' id='word_1_146' title='bbox 473 2181 564 2244; x_wconf 83' lang='lat' dir='ltr'>filiam</span> <span class='ocrx_word' id='word_1_147' title='bbox 580 2184 726 2263; x_wconf 83' lang='lat' dir='ltr'>virginem</span> <span class='ocrx_word' id='word_1_148' title='bbox 747 2203 818 2245; x_wconf 89' lang='lat' dir='ltr'>auro</span> <span class='ocrx_word' id='word_1_149' title='bbox 835 2202 904 2244; x_wconf 86' lang='lat' dir='ltr'>cor·</span> 
     </span>
    </p>

    <p class='ocr_par' dir='ltr' id='par_1_8' title="bbox 79 2265 949 2748">
     <span class='ocr_line' id='line_1_26' title="bbox 79 2265 904 2348; baseline -0.006 -21"><span class='ocrx_word' id='word_1_150' title='bbox 79 2267 82 2270; x_wconf 79' lang='grc'><strong>’</strong></span> <span class='ocrx_word' id='word_1_151' title='bbox 114 2268 226 2348; x_wconf 83' lang='lat' dir='ltr'>rumpit</span> <span class='ocrx_word' id='word_1_152' title='bbox 247 2265 372 2338; x_wconf 84' lang='lat' dir='ltr'>Tatius,</span> <span class='ocrx_word' id='word_1_153' title='bbox 397 2274 430 2324; x_wconf 92' lang='lat' dir='ltr'>ut</span> <span class='ocrx_word' id='word_1_154' title='bbox 448 2276 576 2325; x_wconf 84' lang='lat' dir='ltr'>armatos</span> <span class='ocrx_word' id='word_1_155' title='bbox 591 2265 621 2324; x_wconf 92' lang='lat' dir='ltr'>in</span> <span class='ocrx_word' id='word_1_156' title='bbox 635 2285 733 2326; x_wconf 86' lang='lat' dir='ltr'>arcem</span> <span class='ocrx_word' id='word_1_157' title='bbox 749 2265 879 2344; x_wconf 89' lang='lat' dir='ltr'>accipiat</span> <span class='ocrx_word' id='word_1_158' title='bbox 893 2288 904 2337; x_wconf 71' lang='grc' dir='ltr'><strong><em>ς</em></strong></span> 
     </span>
     <span class='ocr_line' id='line_1_27' title="bbox 115 2345 904 2426; baseline -0.008 -18"><span class='ocrx_word' id='word_1_159' title='bbox 115 2368 219 2426; x_wconf 84' lang='lat' dir='ltr'>aquam</span> <span class='ocrx_word' id='word_1_160' title='bbox 240 2346 318 2409; x_wconf 68' lang='lat' dir='ltr'>forte</span> <span class='ocrx_word' id='word_1_161' title='bbox 338 2365 374 2404; x_wconf 86' lang='lat' dir='ltr'>ea</span> <span class='ocrx_word' id='word_1_162' title='bbox 394 2356 458 2402; x_wconf 88' lang='lat' dir='ltr'>tum</span> <span class='ocrx_word' id='word_1_163' title='bbox 478 2347 571 2404; x_wconf 86' lang='lat' dir='ltr'>sacris</span> <span class='ocrx_word' id='word_1_164' title='bbox 588 2357 675 2404; x_wconf 77' lang='lat' dir='ltr'>extra</span> <span class='ocrx_word' id='word_1_165' title='bbox 698 2346 807 2404; x_wconf 85' lang='lat' dir='ltr'>moenia</span> <span class='ocrx_word' id='word_1_166' title='bbox 823 2345 904 2422; x_wconf 84' lang='lat' dir='ltr'>peti-</span> 
     </span>
     <span class='ocr_line' id='line_1_28' title="bbox 116 2423 949 2500; baseline 0.002 -17"><span class='ocrx_word' id='word_1_167' title='bbox 116 2439 179 2484; x_wconf 87' lang='lat' dir='ltr'>tum</span> <span class='ocrx_word' id='word_1_168' title='bbox 207 2425 291 2483; x_wconf 85' lang='lat' dir='ltr'>ierat.</span> <span class='ocrx_word' id='word_1_169' title='bbox 322 2423 447 2500; x_wconf 83' lang='lat' dir='ltr'>Accepti</span> <span class='ocrx_word' id='word_1_170' title='bbox 470 2423 606 2483; x_wconf 84' lang='lat' dir='ltr'>obrutam</span> <span class='ocrx_word' id='word_1_171' title='bbox 628 2425 722 2484; x_wconf 84' lang='lat' dir='ltr'>armis</span> <span class='ocrx_word' id='word_1_172' title='bbox 737 2424 904 2496; x_wconf 75' lang='lat' dir='ltr'>necavdre5</span> <span class='ocrx_word' id='word_1_173' title='bbox 946 2486 949 2492; x_wconf 77' lang='grc'><em>,</em></span> 
     </span>
     <span class='ocr_line' id='line_1_29' title="bbox 116 2500 904 2583; baseline -0.004 -17"><span class='ocrx_word' id='word_1_174' title='bbox 116 2525 170 2566; x_wconf 87' lang='lat' dir='ltr'>seu</span> <span class='ocrx_word' id='word_1_175' title='bbox 189 2517 222 2562; x_wconf 88' lang='lat' dir='ltr'>ut</span> <span class='ocrx_word' id='word_1_176' title='bbox 242 2505 273 2560; x_wconf 91' lang='lat' dir='ltr'>vi·</span> <span class='ocrx_word' id='word_1_177' title='bbox 289 2514 375 2583; x_wconf 85' lang='lat' dir='ltr'>capta</span> <span class='ocrx_word' id='word_1_178' title='bbox 393 2501 495 2581; x_wconf 84' lang='lat' dir='ltr'>potiris</span> <span class='ocrx_word' id='word_1_179' title='bbox 508 2522 560 2562; x_wconf 75' lang='lat' dir='ltr'>arx</span> <span class='ocrx_word' id='word_1_180' title='bbox 572 2500 744 2577; x_wconf 83' lang='lat' dir='ltr'>videretur,</span> <span class='ocrx_word' id='word_1_181' title='bbox 764 2523 816 2565; x_wconf 83' lang='lat' dir='ltr'>seu</span> <span class='ocrx_word' id='word_1_182' title='bbox 833 2523 904 2583; x_wconf 84' lang='lat' dir='ltr'>pro-</span> 
     </span>
     <span class='ocr_line' id='line_1_30' title="bbox 116 2582 905 2666; baseline 0 -20"><span class='ocrx_word' id='word_1_183' title='bbox 116 2583 213 2646; x_wconf 77' lang='lat' dir='ltr'>dendi</span> <span class='ocrx_word' id='word_1_184' title='bbox 232 2584 365 2664; x_wconf 83' lang='lat' dir='ltr'>exempli</span> <span class='ocrx_word' id='word_1_185' title='bbox 391 2584 501 2655; x_wconf 67' lang='lat' dir='ltr'>causi,</span> <span class='ocrx_word' id='word_1_186' title='bbox 524 2604 564 2642; x_wconf 83' lang='lat' dir='ltr'>ne</span> <span class='ocrx_word' id='word_1_187' title='bbox 583 2583 653 2662; x_wconf 87' lang='lat' dir='ltr'>quid</span> <span class='ocrx_word' id='word_1_188' title='bbox 676 2604 800 2666; x_wconf 83' lang='lat' dir='ltr'>usquam</span> <span class='ocrx_word' id='word_1_189' title='bbox 813 2582 905 2646; x_wconf 88' lang='lat' dir='ltr'>fidum</span> 
     </span>
     <span class='ocr_line' id='line_1_31' title="bbox 93 2662 906 2748; baseline 0 -22"><span class='ocrx_word' id='word_1_190' title='bbox 93 2663 265 2748; x_wconf 83' lang='lat' dir='ltr'>‘proditori</span> <span class='ocrx_word' id='word_1_191' title='bbox 293 2673 381 2725; x_wconf 85' lang='lat' dir='ltr'>esset.</span> <span class='ocrx_word' id='word_1_192' title='bbox 418 2662 548 2724; x_wconf 80' lang='lat' dir='ltr'>Additur</span> <span class='ocrx_word' id='word_1_193' title='bbox 568 2663 688 2738; x_wconf 82' lang='lat' dir='ltr'>fabula,</span> <span class='ocrx_word' id='word_1_194' title='bbox 715 2666 793 2743; x_wconf 78' lang='lat' dir='ltr'>quod</span> <span class='ocrx_word' id='word_1_195' title='bbox 818 2666 906 2745; x_wconf 78' lang='lat' dir='ltr'>vulgo</span> 
     </span>
    </p>

    <p class='ocr_par' dir='ltr' id='par_1_9' title="bbox 117 2742 930 3150">
     <span class='ocr_line' id='line_1_32' title="bbox 117 2742 930 2826; baseline 0.001 -21"><span class='ocrx_word' id='word_1_196' title='bbox 117 2744 340 2817; x_wconf 74' lang='lat' dir='ltr'>Sabini&#39;aureas</span> <span class='ocrx_word' id='word_1_197' title='bbox 355 2742 487 2804; x_wconf 78' lang='lat' dir='ltr'>armillas</span> <span class='ocrx_word' id='word_1_198' title='bbox 505 2745 605 2824; x_wconf 80' lang='lat' dir='ltr'>magni</span> <span class='ocrx_word' id='word_1_199' title='bbox 623 2745 762 2826; x_wconf 79' lang='lat' dir='ltr'>ponderis</span> <span class='ocrx_word' id='word_1_200' title='bbox 783 2745 907 2806; x_wconf 87' lang='lat' dir='ltr'>brachio</span> <span class='ocrx_word' id='word_1_201' title='bbox 927 2772 930 2779; x_wconf 95' lang='lat'>·</span> 
     </span>
     <span class='ocr_line' id='line_1_33' title="bbox 118 2823 909 2905; baseline -0.005 -17"><span class='ocrx_word' id='word_1_202' title='bbox 118 2827 214 2896; x_wconf 69' lang='lat' dir='ltr'>lavo,</span> <span class='ocrx_word' id='word_1_203' title='bbox 234 2836 459 2904; x_wconf 83' lang='lat' dir='ltr'>gemmatosque</span> <span class='ocrx_word' id='word_1_204' title='bbox 478 2825 586 2904; x_wconf 69' lang='lat' dir='ltr'>magnai·</span> <span class='ocrx_word' id='word_1_205' title='bbox 601 2829 700 2905; x_wconf 89' lang='lat' dir='ltr'>specie</span> <span class='ocrx_word' id='word_1_206' title='bbox 716 2823 838 2884; x_wconf 85' lang='lat' dir='ltr'>annulos</span> <span class='ocrx_word' id='word_1_207' title='bbox 854 2824 909 2884; x_wconf 83' lang='lat' dir='ltr'>ha-</span> 
     </span>
     <span class='ocr_line' id='line_1_34' title="bbox 119 2905 908 2986; baseline -0.008 -17"><span class='ocrx_word' id='word_1_208' title='bbox 119 2908 261 2979; x_wconf 81' lang='lat' dir='ltr'>buerint3</span> <span class='ocrx_word' id='word_1_209' title='bbox 280 2906 432 2986; x_wconf 78' lang='lat' dir='ltr'>pepigisse</span> <span class='ocrx_word' id='word_1_210' title='bbox 445 2912 511 2964; x_wconf 76' lang='lat' dir='ltr'>eam</span> <span class='ocrx_word' id='word_1_211' title='bbox 525 2905 603 2985; x_wconf 88' lang='lat' dir='ltr'>quod</span> <span class='ocrx_word' id='word_1_212' title='bbox 622 2908 653 2967; x_wconf 92' lang='lat' dir='ltr'>in</span> <span class='ocrx_word' id='word_1_213' title='bbox 672 2906 803 2966; x_wconf 76' lang='lat' dir='ltr'>sinistris</span> <span class='ocrx_word' id='word_1_214' title='bbox 816 2906 908 2964; x_wconf 88' lang='lat' dir='ltr'>mani-</span> 
     </span>
     <span class='ocr_line' id='line_1_35' title="bbox 120 2985 908 3068; baseline -0.006 -18"><span class='ocrx_word' id='word_1_215' title='bbox 120 2989 177 3050; x_wconf 87' lang='lat' dir='ltr'>bus</span> <span class='ocrx_word' id='word_1_216' title='bbox 196 2987 358 3061; x_wconf 81' lang='lat' dir='ltr'>haberent3</span> <span class='ocrx_word' id='word_1_217' title='bbox 389 2988 425 3045; x_wconf 77' lang='lat' dir='ltr'>eo</span> <span class='ocrx_word' id='word_1_218' title='bbox 452 2997 533 3045; x_wconf 87' lang='lat' dir='ltr'>scuta</span> <span class='ocrx_word' id='word_1_219' title='bbox 555 2985 603 3044; x_wconf 81' lang='lat' dir='ltr'>itti</span> <span class='ocrx_word' id='word_1_220' title='bbox 625 3006 680 3068; x_wconf 87' lang='lat' dir='ltr'>pro</span> <span class='ocrx_word' id='word_1_221' title='bbox 706 2985 802 3046; x_wconf 90' lang='lat' dir='ltr'>aureis</span> <span class='ocrx_word' id='word_1_222' title='bbox 821 2985 908 3045; x_wconf 85' lang='lat' dir='ltr'>donis</span> 
     </span>
     <span class='ocr_line' id='line_1_36' title="bbox 122 3063 909 3150; baseline -0.008 -18"><span class='ocrx_word' id='word_1_223' title='bbox 122 3079 273 3150; x_wconf 81' lang='lat' dir='ltr'>congesta.</span> <span class='ocrx_word' id='word_1_224' title='bbox 300 3067 373 3128; x_wconf 83' lang='lat' dir='ltr'>S&#39;unt</span> <span class='ocrx_word' id='word_1_225' title='bbox 397 3065 449 3147; x_wconf 89' lang='lat' dir='ltr'>qui</span> <span class='ocrx_word' id='word_1_226' title='bbox 476 3085 541 3126; x_wconf 83' lang='lat' dir='ltr'>eam</span> <span class='ocrx_word' id='word_1_227' title='bbox 568 3084 604 3126; x_wconf 81' lang='lat' dir='ltr'>ex</span> <span class='ocrx_word' id='word_1_228' title='bbox 629 3077 718 3148; x_wconf 89' lang='lat' dir='ltr'>pacto</span> <span class='ocrx_word' id='word_1_229' title='bbox 744 3063 909 3140; x_wconf 86' lang='lat' dir='ltr'>tradendi,</span> 
     </span>
    </p>
   </div>
   <div class='ocr_carea' id='block_1_6' title="bbox 123 3228 923 3444">
    <p class='ocr_par' dir='ltr' id='par_1_10' title="bbox 123 3228 923 3444">
     <span class='ocr_line' id='line_1_37' title="bbox 123 3228 909 3324; baseline -0.018 -24"><span class='ocrx_word' id='word_1_230' title='bbox 123 3228 236 3324; x_wconf 71' lang='lat' dir='ltr'>occiso,</span> <span class='ocrx_word' id='word_1_231' title='bbox 255 3259 329 3297; x_wconf 85' lang='lat' dir='ltr'>anuo</span> <span class='ocrx_word' id='word_1_232' title='bbox 340 3241 383 3323; x_wconf 32' lang='lat'>11..</span> <span class='ocrx_word' id='word_1_233' title='bbox 395 3241 426 3295; x_wconf 89' lang='lat' dir='ltr'>C.</span> <span class='ocrx_word' id='word_1_234' title='bbox 439 3241 498 3294; x_wconf 80' lang='lat'>318.</span> <span class='ocrx_word' id='word_1_235' title='bbox 532 3239 619 3303; x_wconf 77' lang='lat' dir='ltr'>lorum</span> <span class='ocrx_word' id='word_1_236' title='bbox 634 3254 692 3311; x_wconf 78' lang='lat' dir='ltr'>rege</span> <span class='ocrx_word' id='word_1_237' title='bbox 701 3250 717 3308; x_wconf 77' lang='lat'>,¹</span> <span class='ocrx_word' id='word_1_238' title='bbox 732 3244 804 3295; x_wconf 82' lang='lat' dir='ltr'>anno</span> <span class='ocrx_word' id='word_1_239' title='bbox 825 3237 863 3299; x_wconf 84' lang='lat' dir='ltr'>U.</span> <span class='ocrx_word' id='word_1_240' title='bbox 875 3236 909 3297; x_wconf 77' lang='lat' dir='ltr'>C.</span> 
     </span>
     <span class='ocr_line' id='line_1_38' title="bbox 126 3307 923 3444; baseline -0.015 -12.03"><span class='ocrx_word' id='word_1_241' title='bbox 126 3349 511 3444; x_wconf 66' lang='lat' dir='ltr'>n</span> <span class='ocrx_word' id='word_1_242' title='bbox 532 3307 593 3429; x_wconf 62' lang='lat'>⁵³0·</span> <span class='ocrx_word' id='word_1_243' title='bbox 737 3406 790 3413; x_wconf 75' lang='grc'>,,</span> <span class='ocrx_word' id='word_1_244' title='bbox 879 3414 923 3423; x_wconf 77' lang='grc'>,,</span> 
     </span>
    </p>
   </div>
   <div class='ocr_carea' id='block_1_7' title="bbox 259 3486 311 3515">
    <p class='ocr_par' dir='ltr' id='par_1_11' title="bbox 259 3486 311 3515">
     <span class='ocr_line' id='line_1_39' title="bbox 259 3486 311 3515; baseline 0 -19"><span class='ocrx_word' id='word_1_245' title='bbox 259 3486 265 3515; x_wconf 47' lang='lat'><em>1</em></span> <span class='ocrx_word' id='word_1_246' title='bbox 308 3491 311 3496; x_wconf 94' lang='lat'><em>.</em></span> 
     </span>
    </p>
   </div>
   <div class='ocr_carea' id='block_1_8' title="bbox 0 0 1037 3780">
    <p class='ocr_par' dir='ltr' id='par_1_12' title="bbox 0 0 1037 3780">
     <span class='ocr_line' id='line_1_40' title="bbox 0 0 1037 3780; baseline 0 0"><span class='ocrx_word' id='word_1_247' title='bbox 0 0 1037 3780; x_wconf 95' lang='lat' dir='ltr'> </span> 
     </span>
    </p>
   </div>
  </div>
 </body>
</html>
