2016 3780
185 138 472 246 titanibus
518 171 748 263 XXXVI.
818 203 926 272 229.

103 294 246 357 Trebiam
269 272 439 373 trajicerent
456 335 464 365 ‚
487 302 537 351 aut
555 290 632 351 nihil
649 311 766 351 sensere
783 292 886 366 Poeni,

101 376 292 454 obstrepente
315 372 431 451 pluvii,
451 380 499 431 aut
513 414 521 443 ,
536 372 606 449 quia
629 373 686 450 jam
704 374 815 430 moveri
827 391 887 450 pre

60 504 61 508 ,
100 453 274 514 lassitudine
304 453 465 530 nequibant
495 468 530 510 ac
556 451 751 524 vulneribus,
774 454 887 512 sentire

101 553 167 594 sese
197 531 446 593 dissimularunt:
475 531 646 611 quietisque
674 532 772 590 Poenis
793 532 888 591 tacito

101 612 219 692 agmine
238 613 275 672 eb
289 613 430 692 Scipione
452 611 573 672 consule
593 612 742 670 exercitus
762 612 888 672 Placen-

100 695 172 753 tiam
189 704 233 751 est
256 692 439 772 perductus:
467 691 536 751 inde
556 688 637 750 Pado
653 693 792 770 trajectus
818 692 888 766 Cre·

100 792 238 846 monam,
260 790 297 830 ne
326 771 450 831 duorum
470 770 657 831 exercituum
684 772 816 834 bibernis
830 791 888 847 uus

98 855 215 926 colonia
226 863 425 933 premeretur.

138 933 221 997 XVb
251 932 375 992 Romam
406 941 502 992 tantus
532 940 627 989 terror
650 951 687 990 ex
719 929 774 991 bic
801 930 896 991 clade*
931 937 1001 1010 lton

99 1014 229 1092 perlatus
254 1023 318 1086 est,
340 1023 372 1071 ut
392 1012 451 1092 jam
471 1010 506 1071 ad
527 1011 632 1070 urbem
656 1011 809 1072 crederent
837 1012 885 1072 in·
895 1003 1004 1078 ‘iffa'

99 1092 184 1153 iestis
205 1094 298 1170 signis
330 1092 445 1151 hostem
469 1100 647 1151 venturum:
672 1074 943 1172 necquicquemm‘

98 1175 162 1254 spei
180 1184 229 1232 aut
250 1172 359 1232 auxilii
378 1191 469 1244 esse,
490 1189 550 1248 quo
565 1171 662 1252 portis
678 1171 886 1252 moenibusque

98 1257 159 1312 vim
172 1264 315 1312 arcerent.
338 1255 398 1314 Uno
412 1252 525 1313 consule
541 1255 579 1310 od
593 1251 719 1328 Ticinrnn
731 1255 821 1326 victo,
838 1251 887 1312 al-

103 1346 163 1392 tero
184 1354 224 1392 ex
236 1331 335 1391 Sicilia
353 1343 478 1391 reuocato
491 1374 500 1401 ‚
512 1329 617 1391 duobus
627 1332 784 1392 consulibus
797 1378 804 1406 ,
816 1337 887 1394 duo-

102 1411 153 1470 bus
166 1411 355 1471 consularibus
390 1409 564 1469 exercitibus
597 1414 704 1485 victis,
725 1434 794 1493 quos
813 1413 889 1478 aiios

63 1505 66 1511 '
101 1496 205 1562 duces,
220 1511 291 1570 quos
303 1488 378 1548 aiios
390 1489 516 1570 legiones
529 1510 588 1548 esse
598 1510 659 1579 quir
671 1505 850 1552 arcessentes
861 1497 872 1552 i

116 1570 223 1633 ·XV1.
248 1568 292 1628 ita
320 1567 433 1631 territis
460 1567 652 1646 Sempronius
674 1570 775 1629 consui
799 1571 887 1628 edve-

99 1650 143 1710 nit
160 1688 169 1723 ‚
186 1651 303 1727 ingenti
333 1646 478 1729 periculus
494 1645 685 1729 pereffirsos
717 1651 828 1727 passim
852 1649 888 1710 ad

99 1729 290 1811 praedandum
320 1727 450 1788 bostium
474 1727 754 1805 equites(eudacid
791 1732 889 1809 magis

98 1813 186 1891 quam
204 1809 369 1886 consilio),
386 1820 594 1888 transgressus.

98 1986 136 2020 ex
146 1970 249 2038 magnei
264 1981 343 2037 parte
357 1969 476 2023 militum
508 1983 604 2035 rosque
624 1968 746 2018 Trebiam
768 1964 887 2033 traiecis-

101 2038 182 2098 erat)
204 2036 239 2084 Et
254 2037 323 2101 quod
347 2036 477 2102 reliquum
511 2051 556 2096 se,
572 2033 887 2149 nonomnesquiaeii-
984 2084 990 2092 ,

98 2098 394 2160 miiitumerat‚saitem
405 2117 479 2168 mag·
510 2097 756 2164 quaparsprosectb
784 2112 888 2164 empro·

101 2180 136 2214 na
149 2181 180 2215 ex
192 2179 264 2230 parte
275 2166 408 2232 ‚plerique
422 2183 478 2217 cer·
510 2165 585 2213 nium
606 2165 639 2214 ad
658 2165 747 2215 urbem
772 2164 888 2219 nomen

101 2232 144 2295 te,
165 2229 261 2281 ssumen
280 2233 403 2282 'l'rsbiem
429 2244 478 2282 tre·
512 2230 639 2282 comitata
652 2244 701 2282 est.

93 2295 221 2366 q'icerent.
232 2299 307 2351 Dicit
320 2298 415 2350 Livius
425 2298 481 2365 pie·
690 2315 692 2320 ·
