2016 3780
229 172 509 244 Nsnnsnro
557 169 744 242 XXXI.
811 179 874 260 173

97 348 880 387 m
973 370 976 374 .

173 465 571 539 NARRATlO
617 464 800 536 ΧΧΧΙ.

29 656 35 664 “
94 638 253 713 Devotio
276 639 317 711 P.
335 637 446 710 Decii
467 635 540 710 filii
563 696 570 724 ,
608 663 676 737 pro
696 636 875 709 exercitu.

126 921 197 972 cum
212 921 346 974 aduersus
362 924 518 981 Etruscos,
545 920 659 973 ll'rrtbros
679 957 685 980 ,
713 920 851 974 Samnites
867 918 1006 982 ‚U.c.457.

93 987 191 1038 Gallos
215 1001 386 1058 pugnaretur
409 1025 415 1049 ,
458 990 651 1056 Romanusque
680 987 821 1041 exercitus
845 983 1001 1040 itu-0²35·

36 1057 40 1063 '
92 1052 212 1104 maximo
236 1067 309 1104 esset
332 1052 517 1115 discrimine,
543 1055 578 1105 P.
601 1053 708 1106 Decius
728 1093 735 1118 ,
764 1066 875 1105 secutus

92 1118 246 1185 exemplum
255 1119 343 1187 patris
354 1158 360 1182 ,
375 1119 484 1172 devovit
494 1138 525 1170 se
534 1139 584 1187 pro
592 1119 719 1172 exercitu
730 1160 737 1184 ‚
751 1132 778 1168 er
789 1130 877 1171 morte

91 1184 146 1234 sua'
156 1184 298 1237 victoriam
309 1184 369 1254 ejus
381 1203 484 1256 pugnae
497 1187 596 1254 populo
611 1188 732 1237 limisano
747 1184 832 1239 dedit.

94 1313 319 1456 QUATUOR
331 1369 420 1429 simul
436 1369 538 1451 populi
560 1415 568 1442 ‚
587 1370 726 1445 Etrusci,
742 1370 847 1433 Umbri
865 1414 876 1443 ‚

91 1446 238 1511 Samnites
254 1492 263 1520 ‚
286 1459 317 1506 et
332 1448 413 1508 Galli
431 1493 439 1521 ‚
463 1452 627 1528 conjunctis
642 1452 753 1510 viribus
764 1450 877 1510 bellom

91 1527 229 1590 adversis
259 1524 408 1586 Romanos
427 1541 587 1587 moverant.
614 1531 676 1590 llos
701 1532 740 1607 Q.
767 1530 876 1590 Fabius

91 1608 128 1668 ad
149 1606 293 1667 Liviniarn
327 1605 436 1666 slvam
461 1626 615 1686 aggressus
644 1652 653 1681 ‚
686 1627 787 1666 omnes
817 1626 877 1664 ono

90 1685 194 1768 praelio
218 1685 303 1746 fudit.
353 1678 388 1746 a‘c
415 1687 514 1769 prime
539 1687 625 1747 clade
652 1687 726 1746 baud
752 1688 768 1746 a
795 1685 877 1746 bello

90 1765 259 1840 absterriti,
283 1765 352 1827 esim
362 1787 442 1829 arma
454 1767 489 1829 de
502 1770 618 1846 integro
630 1767 778 1849 cepissent
793 1811 802 1840 ‚
825 1767 877 1826 ad-

89 1851 190 1908 serssls
219 1866 270 1908 eos
293 1849 380 1909 ambo
400 1848 536 1910 consules
558 1851 748 1911 senalusire
776 1847 874 1926 jussit.

89 1928 220 1990 Profecti
241 1929 355 2007 igitur,
392 1931 432 2010 Q.
460 1929 568 1991 Fabius
596 1941 627 1998 et
645 1929 676 1989 P.
697 1929 811 1988 Decius
835 1926 880 1988 ad'

88 2006 215 2081 hostes,
238 2012 397 2085 transjecto
417 2012 597 2088 Appennino
614 2011 645 2067 in
663 2029 763 2083 agrum
780 2007 875 2066 Senti·

89 2097 188 2144 netem
205 2100 407 2163 pervenerunt.
421 2088 464 2148 lbi
484 2101 609 2168 quatuor
631 2087 759 2145 millium
780 2086 874 2145 lermei
893 2127 978 2162 *a

90 2164 246 2225 intervallo
258 2177 353 2225 castra
366 2168 473 2247 posita.

131 2254 171 2317 ll.
192 2256 274 2316 lnter
292 2255 393 2319 hostes
412 2255 521 2315 deinde
541 2254 770 2316 consultationes
788 2253 876 2315 habi-

49 2367 51 2371 ·
90 2349 126 2396 tae
144 2359 150 2398 :
169 2349 255 2416 atque
272 2336 313 2395 ita
326 2338 464 2396 convenit
482 2381 490 2409 ‚
514 2358 551 2395 ne
569 2338 634 2395 unis
646 2337 748 2395 castris
765 2337 875 2413 misce-

90 2428 190 2477 rentur
220 2435 321 2477 omnes
342 2461 353 2489 ,
383 2417 512 2487 neve-in
539 2419 633 2477 aciem
659 2415 880 2476 descenderent

89 2497 191 2557 simul:
211 2495 392 2565 Samnitibus
408 2490 491 2557 Galli
510 2541 518 2569 ‚
537 2498 676 2559 ¹Etruscis
698 2496 802 2558 Umbri
825 2494 873 2554 ad-

87 2578 171 2655 jecti.
188 2576 264 2643 Dies
280 2575 389 2653 indicta
409 2597 512 2658 pugnae
529 2599 536 2636 ι
555 2578 737 2637 Samnitibus
756 2575 872 2638 Gallis-

110 2678 146 2717 ue
170 2655 308 2735 delegata
327 2677 424 2736 pugna
447 2679 453 2714 ε
480 2659 558 2715 inter
581 2658 677 2737 ipsum
695 2668 870 2729 certamen,

86 2678 207 2829 litrusci
236 2737 398 2816 Umbrique
421 2737 493 2815 jussi
522 2749 619 2798 castra
649 2738 781 2799 Romana
815 2755 871 2818 op·

87 2837 229 2898 pugnare.

45 2920 48 2931 “
127 2909 183 2970 lll.
205 2909 274 2971 Haec
297 2907 422 2968 consilia
445 2908 598 2969 turbbrunt
620 2909 775 2986 transfugae
796 2908 870 2970 ctu-

87 2989 146 3049 sini
171 3000 230 3048 tres
259 3033 269 3062 ,
298 2989 373 3050 clam
398 2999 486 3050 nocte
505 2989 540 3048 arl
563 2989 687 3051 Fabium
718 2989 871 3049 consulem

87 3069 262 3146 transgressi
279 3070 348 3148 :qui
363 3068 451 3129 editis
462 3069 591 3130 hostium
606 3070 742 3129 consiliis
753 3068 871 3127 dimissi

88 3167 154 3207 cum
170 3148 280 3220 donis,
307 3159 338 3206 ut
354 3148 503 3221 subinde,
528 3161 560 3209 ut
582 3168 702 3223 queque
725 3167 771 3204 res
795 3164 872 3204 nova

89 3225 208 3286 decreta
219 3225 318 3299 esset,
335 3228 517 3306 exploratam
534 3226 704 3308 perferrent.
726 3223 871 3287 Consules

87 3305 219 3384 Fulvio,
241 3319 272 3371 ut
284 3328 324 3369 ex
335 3309 475 3386 tarino,
494 3307 666 3370 Postumio.
684 3316 715 3362 st
732 3325 769 3367 ex
783 3305 883 3393 ilati-¹

572 3383 788 3451 Ἥ.
