2016 3780
181 227 243 298 138
406 219 533 296 Tm
580 223 732 295 L1v11

177 337 226 394 sed
249 330 369 391 Decium
394 330 534 399 Juheiium
564 334 703 391 tribunum
726 327 849 390 miiitum
871 323 963 388 secati

176 426 243 473 sant
254 435 264 469 .·
277 433 326 471 nec
341 434 402 471 cam
419 411 594 476 Samnitibus
610 424 660 471 aut
674 411 814 483 Lucanis,
832 409 961 470 hostibus

173 493 271 575 populi
293 492 431 564 Romani,
447 496 701 572 seconjunxcrunt.
720 491 775 550 Vas
789 513 849 550 cam
873 491 961 548 Man-

155 571 158 575 ’
174 575 256 634 donia
272 585 301 632 et
315 571 428 631 Indibili
439 572 555 631 consilia
570 575 793 631 communicastis
809 615 818 643 ‚
836 582 865 630 et
875 591 961 628 arma

174 655 358 714 consociaturi
370 657 479 724 fuistis.
496 651 546 713 Illi
561 697 569 724 ‚
582 655 655 712 sicut
673 652 810 731 Campani
828 648 961 728 Capuam

177 734 276 804 Tuscis
296 733 432 794 ueteribus
453 733 605 794 cultoribus
628 737 806 810 ademptam,
824 729 961 789 Mamer-

173 818 227 876 tini
240 817 269 872 in
286 813 383 874 Siciiici
408 815 597 885 Messanam,
616 817 663 872 sic·
671 813 809 890 Rhegium
833 809 961 870 habitari

170 906 335 977 perpetuam
346 899 439 954 sedem
452 908 531 955 erant
543 918 554 954 :
567 916 617 954 nec
619 894 759 1031 (rapulam
776 894 934 952 Romanum
948 930 959 962 ‚

174 996 223 1034 nec
243 979 330 1036 socios
347 974 445 1055 papali
462 977 580 1036 Romani
598 997 615 1031 u
631 987 673 1032 tra
689 974 850 1032 lacessituri
872 969 932 1029 heli
951 1013 959 1030 .

175 1055 359 1115 Sucronemne
368 1078 413 1116 uas
421 1055 592 1114 domicilium
604 1053 728 1113 habituri
739 1055 824 1112 eratis
838 1054 847 1111 i
862 1047 920 1110 Ubi
932 1053 959 1108 si

172 1158 220 1195 uas
246 1141 380 1197 decedens
402 1137 527 1206 confecti
543 1134 682 1215 provincii
704 1138 857 1213 imperator
873 1130 959 1188 relin-

172 1234 307 1354 ssmmm,
327 1219 407 1276 deam
426 1216 621 1297 hominumque
638 1216 727 1289 fidem
741 1211 893 1292 implorare
906 1211 957 1268 de-

192 1295 281 1356 ehatis
296 1297 386 1374 ,quiri
394 1319 447 1355 non
466 1300 595 1357 rediretis
609 1297 647 1355 ad
660 1295 789 1371 coniuges
801 1291 958 1370 liberosque

172 1389 287 1434 uestros.
299 1377 357 1436 Sed
369 1377 462 1436 horum
473 1397 581 1458 quaque
596 1377 777 1446 memoriam,
797 1375 886 1443 sicut,
902 1391 957 1448 pa-

172 1459 235 1516 tria
255 1458 383 1536 meique,
402 1459 539 1535 ejeceritis
558 1477 598 1515 ex
623 1455 725 1514 animis
751 1453 859 1512 restris.
887 1453 955 1528 (ιφ)

176 1536 263 1596 Viam
284 1535 395 1596 consilii
409 1533 561 1612 scelerati,
575 1541 625 1599 sed
644 1553 698 1595 nan
710 1534 747 1600 aa
762 1539 894 1602 altimum
905 1535 956 1593 de-

171 1619 294 1690 mentis,
309 1621 429 1697 exsequi
439 1617 484 1675 rol
503 1659 510 1676 .

210 1695 309 1759 xvll.
336 1697 425 1758 Mene
447 1700 523 1768 siro,
551 1708 579 1757 et
600 1709 690 1758 cetera
713 1700 846 1762 incolumi
868 1717 957 1755 exer·

171 1779 252 1849 citu,
277 1797 337 1835 cam
364 1799 417 1856 quo
431 1798 483 1856 ego
501 1781 546 1836 dic
567 1800 620 1839 una
653 1777 854 1862 Carthaginem
871 1779 960 1852 cepi,

169 1877 231 1916 cum
250 1877 303 1936 qua
317 1858 384 1932 (20)
393 1868 512 1934 quatuor
526 1860 729 1937 imperatores,
742 1872 959 1945 quatuor-exer-

104 1983 106 1988 ,
168 1938 240 1996 citus
270 1932 545 2015 Carthaginiensium
565 1940 633 2008 fadi
648 1983 656 2012 ,
666 1946 772 2024 fugari
787 1985 796 2014 ‚
813 1936 957 2018 Hispania

168 2015 290 2095 expuli,
313 2038 359 2075 uos
373 2027 435 2078 acto
453 2017 546 2078 miliia
568 2018 731 2094 hominum,
754 2024 869 2082 minaris
881 2015 958 2081 certi

158 2105 263 2157 'omnes
279 2100 389 2178 pretii,
410 2097 493 2179 quim
514 2098 614 2159 Albius
634 2113 663 2162 et
688 2103 790 2162 Atrius
811 2113 876 2160 sunt
892 2102 956 2181 qui·

167 2174 218 2236 hus
233 2199 280 2239 uos
291 2177 467 2257 subjecistis,
480 2178 648 2258 Hispaniam
666 2184 838 2263 provisuram
850 2180 956 2264 populo

165 2256 293 2322 Romana
302 2262 425 2338 erepturi
436 2263 523 2320 eratis
535 2265 544 2321 i

165 2415 168 2420 .
205 2337 322 2400 X'VIH.
336 2337 463 2436 Amoiior
480 2351 511 2400 et
525 2348 637 2401 amoueo
650 2364 747 2403 nornen
763 2336 866 2404 meum.
888 2341 957 2422 (21)

162 2469 262 2506 nomen
272 2450 328 2520 eius
340 2454 448 2506 ductum
467 2456 542 2506 vide·
575 2457 625 2507 rire
636 2456 765 2524 ejusmodi
777 2473 806 2510 ut
822 2461 889 2520 ,etsi
900 2475 958 2510 sce-

161 2534 203 2572 tur
219 2521 251 2573 ab
263 2534 323 2572 atro
335 2558 342 2582 ‚
354 2523 399 2639 <Lai
413 2520 488 2572 color
501 2522 541 2573 su·
575 2523 685 2576 leuatum
700 2526 885 2586 musterium,
900 2541 955 2578 non

161 2601 251 2639 nestas
260 2603 290 2639 ac
301 2586 362 2659 lugu
381 2589 415 2640 ris
424 2589 431 2641 i
440 2590 540 2642 Notum
574 2605 664 2644 tamen
676 2596 708 2647 sit
722 2595 754 2646 ad
768 2595 894 2648 ultimum
911 2590 956 2646 ‘rie-

161 2669 201 2706 εει
224 2668 311 2707 autem
322 2693 329 2718 ,
349 2672 470 2725 quaenam
485 2656 540 2711 fue·
573 2677 659 2714 mens.

160 2723 195 2772 rit
215 2724 404 2800 Romanorum·
417 2725 488 2776 circa
498 2743 539 2776 res
606 2745 639 2780 20
650 2731 660 2797 (
673 2727 799 2800 Quatuor
809 2727 954 2796 imperata·

150 2804 270 2867 ‚omnes2
285 2804 316 2868 ac
330 2792 518 2869 nommanipsa
530 2829 537 2855 ,
571 2813 617 2851 res
639 2802 648 2861 )
669 2797 827 2852 asdrubales
855 2802 924 2855 duos
943 2842 952 2870 ,

159 2867 319 2934 superatum.
337 2857 537 2925 An‚qu1aipse
570 2864 712 2918 Amilcaric
735 2878 761 2916 et
782 2866 911 2938 Gisgonis
923 2870 953 2923 ii÷

159 2923 249 3002 Auram
271 2922 395 2991 rguobilis
414 2941 445 2976 ac
459 2928 537 2978 semi·
570 2929 629 2995 lios,
645 2936 786 3002 Magonem
800 2930 952 2998 amilcaris,

159 2989 229 3041 lrxai
301 3055 307 3067 .
570 2999 954 3074 etnannonem,quinsaru-

195 3055 537 3135 19(Viarriconsrlir....2
568 3062 623 3116 hali
645 3069 674 3118 in
694 3068 799 3121 Italiam
827 3073 952 3140 profecto

159 3123 297 3201 exsequi)
316 3124 346 3176 V
343 3142 399 3175 ram
417 3139 535 3194 enseque
570 3131 696 3188 suffectus
711 3148 774 3189 erat.

159 3203 199 3242 est
224 3202 353 3242 canonem
379 3193 534 3273 emendare.
601 3216 630 3251 αι
653 3201 761 3267 (Nihil
773 3203 952 3274 aitrafiacilel·

158 3257 224 3309 Haec
239 3269 278 3307 est
295 3274 369 3309 mena
388 3258 535 3325 Sermonis.
569 3267 732 3334 creditam)
759 3271 850 3320 Esto:
873 3273 951 3326 nulla

158 3316 341 3390 Expendendo
377 3328 535 3380 ‘consilium
569 3334 815 3397 aliainrshvobis
832 3339 951 3396 violam

160 3402 272 3447 restrum
281 3432 288 3462 ,
297 3393 379 3448 velim
387 3393 453 3453 iliud
460 3412 534 3470 repe.
