2016 3780
102 160 169 224 180
367 151 485 222 Trrr
521 151 685 221 Lrvrr.

99 246 251 324 quisque,
274 242 394 309 Annoni
405 243 638 303 assentiebantur
661 265 671 301 τ
692 241 743 301 sed
759 244 816 318 (ut
830 240 895 322 ple-

99 334 228 401 rumque
244 320 278 381 fit
290 324 304 397 )
316 326 410 401 major
431 343 500 401 pars
517 325 677 383 meliorem
697 323 781 382 vicit.

144 405 183 464 V.
209 404 319 463 Missus
343 403 471 463 Annibal
502 405 532 461 in
555 405 756 484 Hispaniam,
795 404 897 480 primo·

102 486 207 545 statim
234 482 358 541 adventu
381 501 500 542 ornnem
522 487 688 543 exercitum
712 485 743 540 in
770 500 802 538 se
827 500 895 542 con·

102 564 204 623 vertit.
230 561 410 621 Amilcarem
430 563 578 624 viventem
594 563 744 622 redditum
763 560 822 618 sibi
847 581 897 618 ve-

101 652 185 702 teres
218 641 329 706 milites
359 641 510 715 credere3
544 644 681 704 eumdem
706 642 840 716 vigorem
863 641 899 696 in

102 723 209 794 vultu,
227 722 347 800 vimque
358 723 388 780 in
404 721 525 794 oculis,
551 722 685 782 habitum
700 722 782 792 oris,
806 718 898 776 linea-

79 841 87 847 ·
104 813 264 880 menteque
281 802 400 861 intueri.
420 800 539 862 Deinde
558 802 640 862 brevi
653 802 775 870 effecit,
802 807 834 856 ut
846 817 895 876 pa-

104 890 152 940 ter
174 882 205 941 in
241 901 273 942 se
302 883 459 941 minimum
490 882 672 943 momentum
702 879 737 940 ad
763 879 897 937 levorem

104 960 324 1022 conciliandum
344 973 431 1022 esset.
458 962 615 1041 Nunquam
637 961 790 1042 ingenium
815 956 897 1014 idem

104 1040 208 1102 adres
233 1041 478 1114 diversissimas,
513 1043 676 1121 parendum
696 1052 782 1118 atque
803 1038 899 1174 irqpe·

106 1120 261 1194 randum,
285 1120 415 1181 habilius
432 1122 501 1181 fuit·
518 1121 622 1203 ltaque
640 1122 717 1183 haud
734 1118 823 1178 facile
861 1118 900 1174 'rs-

107 1212 266 1274 cerneres‚
281 1201 380 1262 utrdm
401 1202 599 1282 imperatori,
623 1223 660 1261 an
681 1197 827 1261 exercitui
851 1211 901 1254 ca·

106 1282 172 1341 rior
192 1290 280 1342 esset.
305 1281 410 1361 Neque
428 1279 578 1342 Asdrubal
605 1283 696 1342 alium
722 1294 900 1359 quemquam

107 1358 262 1440 preficere
280 1359 393 1434 malle,
417 1361 469 1421 nbi
490 1361 559 1440 quid
582 1359 699 1422 fortiter
724 1379 757 1420 ae
779 1355 901 1427 strenue

108 1439 257 1517 agendum
274 1452 352 1500 esset
372 1461 379 1501 τ
403 1459 499 1520 neque
517 1441 632 1503 milites
657 1441 718 1502 alio
736 1439 812 1498 duce
832 1434 901 1517 plus

108 1518 285 1593 confidere,
319 1531 369 1586 aut
386 1521 505 1581 audere.
531 1521 697 1582 Plurimdm
719 1517 847 1580 audaciae
861 1512 899 1573 ad

107 1600 246 1681 pericula
263 1619 296 1661 ce
320 1600 464 1676 essenda,
493 1600 656 1680 plurimdm
676 1598 797 1665 consilii
821 1598 903 1654 inter

106 1681 173 1758 ipsa
194 1618 332 1760 potienda
359 1690 432 1741 erat.
458 1679 679 1742 Nullo-labore
712 1690 763 1740 aut
792 1693 901 1756 corpus

106 1757 250 1835 fatigari,
280 1771 330 1818 aut
350 1760 464 1820 animus
485 1760 565 1819 vinci
581 1771 708 1841 poterat.
728 1758 847 1821 Caloris
867 1772 903 1813 ac

107 1837 230 1913 frigoris
247 1839 391 1918 patientia
413 1858 488 1917 par,
506 1839 569 1899 cibi
588 1840 802 1921 potionisque,
827 1835 905 1894 desi·

107 1915 194 1975 derio
210 1918 360 1989 naturali,
381 1936 439 1976 non
459 1917 630 1999 voluptate,
655 1919 760 1980 modus
776 1916 903 1976 finitus:

108 1995 280 2072 vigiliarum
305 2000 493 2076 somnique,
524 2018 580 2060 nec
600 2000 672 2075 die,
700 2020 756 2060 uec
784 2008 871 2058 nocte
895 2037 907 2068 ,

72 2086 78 2105 ⁸
108 2074 312 2137 discriminata
331 2088 464 2157 tempora
483 2100 490 2137 :
510 2078 541 2137 id
555 2081 637 2158 quod
656 2079 794 2160 gerendis
814 2077 904 2137 rebus

107 2168 313 2234 superesset,
346 2158 444 2238 quieti
476 2158 589 2221 datum.
615 2162 658 2222 Ea
690 2181 787 2240 neque
817 2155 905 2218 molli

107 2245 224 2306 strato,
255 2256 352 2315 neque
381 2237 502 2298 silentio
532 2242 682 2301 arcessita.
712 2239 801 2302 Multi
825 2256 905 2318 saepe

106 2315 237 2373 militari
261 2315 370 2391 sagulo
391 2331 530 2396 opertum
551 2319 637 2379 humi
658 2323 806 2397 jacentem
824 2319 909 2376 inter

105 2391 257 2452 custodias
281 2397 484 2472 stationesque
514 2397 649 2458 militurn
670 2409 906 2480 conspexerunt.

106 2470 241 2536 Vestitus
258 2472 339 2531 nihil
363 2474 441 2532 inter
465 2477 592 2554 aequsles
616 2481 770 2541 excellens
794 2501 801 2539 :
824 2498 908 2548 arma

104 2561 195 2628 atque
208 2551 281 2630 equi
304 2553 576 2634 conspiciebantur.
594 2559 738 2637 Equitum
760 2559 911 2642 peditum·

104 2648 163 2720 que
176 2628 262 2687 idern
284 2631 373 2707 longd
396 2633 516 2712 primus
529 2649 603 2698 erat.
627 2641 771 2719 Princeps
787 2632 819 2697 in
834 2659 910 2718 prae·

103 2707 181 2768 hum
196 2707 281 2767 ibat:
307 2709 433 2772 ultlmus
449 2728 590 2776 conserto
601 2722 713 2798 praelio
731 2719 908 2779 excedebat.

103 2787 165 2846 Ηῑδ
182 2797 278 2848 lamas
294 2789 352 2846 viri
366 2791 493 2853 virtutes
503 2796 640 2873 ingentia
651 2799 722 2856 ritia
733 2799 909 2876 aequabant,

103 2865 267 2926 iubutnans
291 2867 475 2944 credulitas,
503 2875 630 2950 perfidia
646 2876 714 2956 plus
730 2877 821 2956 quim
845 2879 907 2937 Pu-

104 2944 198 3016 nice,
228 2945 310 3006 nihil
324 2949 414 3020 veri,
441 2951 521 3009 nitur
538 2958 636 3016 sareu
655 3000 664 3029 ‚
694 2959 795 3019 nunu
814 2960 918 3020 aeum-

104 3036 230 3096 mstus,
254 3024 370 3087 nullum
397 3029 601 3105 iusiurandum
631 3080 641 3108 ,
677 3039 760 3098 nulla
781 3040 908 3118 religio.

106 3107 186 3168 Cum
217 3104 275 3167 bac
302 3104 404 3168 irrdole
424 3111 570 3173 virtutum
608 3127 698 3196 atque
730 3121 911 3194 vitiorum,
956 3168 960 3173 .

105 3183 241 3243 triennio
265 3186 324 3247 sub
345 3187 511 3251 Asdrubale
542 3195 728 3276 imperatore
755 3203 869 3262 meruit
900 3227 913 3274 ς

106 3262 189 3356 nulli
202 3284 255 3337 re,
268 3285 341 3346 quac
353 3269 469 3348 agenda
480 3271 668 3362 ridendaque
683 3300 796 3362 magno
806 3283 915 3354 [siluro

104 3344 178 3408 teu
197 3358 306 3431 esset,
330 3352 550 3431 murmuriosi.
