<?xml version="1.0" encoding="UTF-8"?>
<!DOCTYPE html PUBLIC "-//W3C//DTD XHTML 1.0 Transitional//EN"
    "http://www.w3.org/TR/xhtml1/DTD/xhtml1-transitional.dtd">
<html xmlns="http://www.w3.org/1999/xhtml" xml:lang="en" lang="en">
 <head>
  <title>
</title>
<meta http-equiv="Content-Type" content="text/html;charset=utf-8" />
  <meta name='ocr-system' content='tesseract 3.04.00' />
  <meta name='ocr-capabilities' content='ocr_page ocr_carea ocr_par ocr_line ocrx_word'/>
</head>
<body>
  <div class='ocr_page' id='page_1' title='image "./selectaetitoliv00livygoog_0399.png"; bbox 0 0 2016 3780; ppageno 0'>
   <div class='ocr_carea' id='block_1_1' title="bbox 193 116 813 227">
    <p class='ocr_par' dir='ltr' id='par_1_1' title="bbox 193 116 813 227">
     <span class='ocr_line' id='line_1_1' title="bbox 193 116 813 227; baseline -0.003 -2"><span class='ocrx_word' id='word_1_1' title='bbox 193 159 264 227; x_wconf 64' lang='lat'><strong><em>168</em></strong></span> <span class='ocrx_word' id='word_1_2' title='bbox 415 150 546 221; x_wconf 82' lang='lat' dir='ltr'><strong><em>Trur</em></strong></span> <span class='ocrx_word' id='word_1_3' title='bbox 591 116 813 223; x_wconf 85' lang='lat' dir='ltr'><strong><em>Lrvrr&#39;¹</em></strong></span> 
     </span>
    </p>
   </div>
   <div class='ocr_carea' id='block_1_2' title="bbox 142 255 992 1928">
    <p class='ocr_par' dir='ltr' id='par_1_2' title="bbox 193 255 992 797">
     <span class='ocr_line' id='line_1_2' title="bbox 193 255 989 333; baseline 0.003 -17"><span class='ocrx_word' id='word_1_4' title='bbox 193 257 242 316; x_wconf 85' lang='lat' dir='ltr'><strong><em>cis</em></strong></span> <span class='ocrx_word' id='word_1_5' title='bbox 255 266 317 315; x_wconf 83' lang='lat' dir='ltr'><strong><em>erat</em></strong></span> <span class='ocrx_word' id='word_1_6' title='bbox 340 275 346 312; x_wconf 91' lang='lat'><strong>:</strong></span> <span class='ocrx_word' id='word_1_7' title='bbox 369 256 406 315; x_wconf 78' lang='lat' dir='ltr'><strong><em>eii</em></strong></span> <span class='ocrx_word' id='word_1_8' title='bbox 428 273 459 314; x_wconf 82' lang='lat' dir='ltr'><strong><em>re</em></strong></span> <span class='ocrx_word' id='word_1_9' title='bbox 475 255 580 333; x_wconf 82' lang='lat' dir='ltr'><strong><em>ingens</em></strong></span> <span class='ocrx_word' id='word_1_10' title='bbox 598 256 754 317; x_wconf 89' lang='lat' dir='ltr'><strong><em>hominum</em></strong></span> <span class='ocrx_word' id='word_1_11' title='bbox 776 255 918 317; x_wconf 87' lang='lat' dir='ltr'><strong><em>contulit</em></strong></span> <span class='ocrx_word' id='word_1_12' title='bbox 937 255 989 319; x_wconf 83' lang='lat' dir='ltr'><strong><em>vis.</em></strong></span> 
     </span>
     <span class='ocr_line' id='line_1_3' title="bbox 195 337 990 415; baseline -0.005 -14"><span class='ocrx_word' id='word_1_13' title='bbox 195 337 298 401; x_wconf 78' lang='lat' dir='ltr'><strong><em>cades</em></strong></span> <span class='ocrx_word' id='word_1_14' title='bbox 312 337 343 394; x_wconf 87' lang='lat' dir='ltr'><strong><em>in</em></strong></span> <span class='ocrx_word' id='word_1_15' title='bbox 360 355 396 394; x_wconf 87' lang='lat' dir='ltr'><strong><em>eo</em></strong></span> <span class='ocrx_word' id='word_1_16' title='bbox 413 337 514 415; x_wconf 84' lang='lat' dir='ltr'><strong><em>praelio</em></strong></span> <span class='ocrx_word' id='word_1_17' title='bbox 537 337 633 395; x_wconf 88' lang='lat' dir='ltr'><strong><em>minor</em></strong></span> <span class='ocrx_word' id='word_1_18' title='bbox 649 337 737 415; x_wconf 70' lang='lat' dir='ltr'><strong><em>quim</em></strong></span> <span class='ocrx_word' id='word_1_19' title='bbox 756 338 896 397; x_wconf 89' lang='lat' dir='ltr'><strong><em>victoria</em></strong></span> <span class='ocrx_word' id='word_1_20' title='bbox 917 338 990 411; x_wconf 81' lang='lat' dir='ltr'><strong><em>fuit,</em></strong></span> 
     </span>
     <span class='ocr_line' id='line_1_4' title="bbox 196 416 992 499; baseline 0.006 -26"><span class='ocrx_word' id='word_1_21' title='bbox 196 419 267 499; x_wconf 77' lang='lat' dir='ltr'><strong><em>quia</em></strong></span> <span class='ocrx_word' id='word_1_22' title='bbox 282 417 411 492; x_wconf 73' lang='lat' dir='ltr'>equestri</span> <span class='ocrx_word' id='word_1_23' title='bbox 429 416 628 476; x_wconf 70' lang='lat' dir='ltr'><strong><em>tantummodi</em></strong></span> <span class='ocrx_word' id='word_1_24' title='bbox 646 416 747 494; x_wconf 80' lang='lat' dir='ltr'><strong><em>praelio</em></strong></span> <span class='ocrx_word' id='word_1_25' title='bbox 762 428 921 476; x_wconf 84' lang='lat' dir='ltr'><strong><em>certatum</em></strong></span> <span class='ocrx_word' id='word_1_26' title='bbox 932 417 992 478; x_wconf 80' lang='lat' dir='ltr'><strong><em>iue-</em></strong></span> 
     </span>
     <span class='ocr_line' id='line_1_5' title="bbox 196 496 990 576; baseline 0 -17"><span class='ocrx_word' id='word_1_27' title='bbox 196 511 252 559; x_wconf 77' lang='lat' dir='ltr'><strong><em>rat.</em></strong></span> <span class='ocrx_word' id='word_1_28' title='bbox 275 498 341 556; x_wconf 91' lang='lat' dir='ltr'><strong><em>Non</em></strong></span> <span class='ocrx_word' id='word_1_29' title='bbox 368 496 434 576; x_wconf 86' lang='lat' dir='ltr'><strong><em>plus</em></strong></span> <span class='ocrx_word' id='word_1_30' title='bbox 455 498 584 576; x_wconf 86' lang='lat' dir='ltr'><strong><em>quinque</em></strong></span> <span class='ocrx_word' id='word_1_31' title='bbox 610 496 705 555; x_wconf 86' lang='lat' dir='ltr'><strong><em>millia</em></strong></span> <span class='ocrx_word' id='word_1_32' title='bbox 727 496 867 570; x_wconf 86' lang='lat' dir='ltr'><strong><em>occisa,</em></strong></span> <span class='ocrx_word' id='word_1_33' title='bbox 896 501 990 560; x_wconf 85' lang='lat' dir='ltr'><strong><em>minut</em></strong></span> 
     </span>
     <span class='ocr_line' id='line_1_6' title="bbox 196 576 991 657; baseline -0.001 -19"><span class='ocrx_word' id='word_1_34' title='bbox 196 576 355 638; x_wconf 86' lang='lat' dir='ltr'><strong><em>dimidium</em></strong></span> <span class='ocrx_word' id='word_1_35' title='bbox 374 577 437 652; x_wconf 81' lang='lat' dir='ltr'><strong><em>ejus</em></strong></span> <span class='ocrx_word' id='word_1_36' title='bbox 457 576 612 636; x_wconf 88' lang='lat' dir='ltr'><strong><em>hominum</em></strong></span> <span class='ocrx_word' id='word_1_37' title='bbox 629 588 747 656; x_wconf 78' lang='lat' dir='ltr'><strong><em>captum</em></strong></span> <span class='ocrx_word' id='word_1_38' title='bbox 767 589 847 649; x_wconf 87' lang='lat' dir='ltr'><strong><em>eat,</em></strong></span> <span class='ocrx_word' id='word_1_39' title='bbox 876 578 991 657; x_wconf 86' lang='lat' dir='ltr'><strong><em>impetu</em></strong></span> 
     </span>
     <span class='ocr_line' id='line_1_7' title="bbox 195 655 991 739; baseline -0.003 -23"><span class='ocrx_word' id='word_1_40' title='bbox 195 660 228 716; x_wconf 88' lang='lat' dir='ltr'><strong><em>in</em></strong></span> <span class='ocrx_word' id='word_1_41' title='bbox 244 667 340 717; x_wconf 84' lang='lat' dir='ltr'><strong><em>castra</em></strong></span> <span class='ocrx_word' id='word_1_42' title='bbox 354 655 453 733; x_wconf 76' lang='lat' dir='ltr'><strong><em>iacto,</em></strong></span> <span class='ocrx_word' id='word_1_43' title='bbox 476 657 534 734; x_wconf 80' lang='lat' dir='ltr'><strong><em>quii</em></strong></span> <span class='ocrx_word' id='word_1_44' title='bbox 549 656 683 739; x_wconf 76' lang='lat' dir='ltr'><strong><em>perculsa</em></strong></span> <span class='ocrx_word' id='word_1_45' title='bbox 696 676 769 735; x_wconf 86' lang='lat' dir='ltr'><strong><em>rege</em></strong></span> <span class='ocrx_word' id='word_1_46' title='bbox 787 658 913 718; x_wconf 85' lang='lat' dir='ltr'><strong><em>amisso</em></strong></span> <span class='ocrx_word' id='word_1_47' title='bbox 924 656 991 718; x_wconf 85' lang='lat' dir='ltr'><strong><em>mul-</em></strong></span> 
     </span>
     <span class='ocr_line' id='line_1_8' title="bbox 196 735 531 797; baseline -0.003 0"><span class='ocrx_word' id='word_1_48' title='bbox 196 736 291 797; x_wconf 87' lang='lat' dir='ltr'><strong><em>titudo</em></strong></span> <span class='ocrx_word' id='word_1_49' title='bbox 306 756 336 795; x_wconf 84' lang='lat' dir='ltr'><strong><em>se</em></strong></span> <span class='ocrx_word' id='word_1_50' title='bbox 353 735 531 797; x_wconf 69' lang='lat' dir='ltr'><strong>contulerat.</strong></span> 
     </span>
    </p>

    <p class='ocr_par' dir='ltr' id='par_1_3' title="bbox 196 815 989 1214">
     <span class='ocr_line' id='line_1_9' title="bbox 236 815 989 898; baseline 0 -22"><span class='ocrx_word' id='word_1_51' title='bbox 236 816 291 877; x_wconf 89' lang='lat' dir='ltr'><strong><em>lV.</em></strong></span> <span class='ocrx_word' id='word_1_52' title='bbox 307 815 485 886; x_wconf 77' lang='lat' dir='ltr'><strong>Masinissa,</strong></span> <span class='ocrx_word' id='word_1_53' title='bbox 512 816 566 877; x_wconf 84' lang='lat' dir='ltr'><strong><em>sibi</em></strong></span> <span class='ocrx_word' id='word_1_54' title='bbox 582 819 692 898; x_wconf 79' lang='lat' dir='ltr'><strong><em>quidem</em></strong></span> <span class='ocrx_word' id='word_1_55' title='bbox 710 860 719 889; x_wconf 92' lang='lat'>,</span> <span class='ocrx_word' id='word_1_56' title='bbox 743 815 847 878; x_wconf 80' lang='lat' dir='ltr'><strong><em>Laetio</em></strong></span> <span class='ocrx_word' id='word_1_57' title='bbox 871 817 989 890; x_wconf 80' lang='lat' dir='ltr'>dicere,</span> 
     </span>
     <span class='ocr_line' id='line_1_10' title="bbox 196 896 989 977; baseline -0.001 -19"><span class='ocrx_word' id='word_1_58' title='bbox 196 896 268 958; x_wconf 82' lang='lat' dir='ltr'><strong><em>nihil</em></strong></span> <span class='ocrx_word' id='word_1_59' title='bbox 284 919 345 957; x_wconf 86' lang='lat' dir='ltr'><strong><em>esse</em></strong></span> <span class='ocrx_word' id='word_1_60' title='bbox 368 901 397 957; x_wconf 90' lang='lat' dir='ltr'><strong><em>in</em></strong></span> <span class='ocrx_word' id='word_1_61' title='bbox 420 901 569 976; x_wconf 69' lang='lat' dir='ltr'><strong><em>presentia</em></strong></span> <span class='ocrx_word' id='word_1_62' title='bbox 596 896 766 976; x_wconf 79' lang='lat' dir='ltr'><strong><em>pulchrius,</em></strong></span> <span class='ocrx_word' id='word_1_63' title='bbox 794 898 887 977; x_wconf 85' lang='lat' dir='ltr'><strong><em>qudm</em></strong></span> <span class='ocrx_word' id='word_1_64' title='bbox 915 903 989 958; x_wconf 79' lang='lat' dir='ltr'><strong><em>uicto</em></strong></span> 
     </span>
     <span class='ocr_line' id='line_1_11' title="bbox 196 977 988 1059; baseline -0.001 -22"><span class='ocrx_word' id='word_1_65' title='bbox 196 1000 276 1048; x_wconf 85' lang='lat' dir='ltr'><strong><em>rem,</em></strong></span> <span class='ocrx_word' id='word_1_66' title='bbox 303 988 494 1054; x_wconf 81' lang='lat' dir='ltr'><strong><em>recuperatum</em></strong></span> <span class='ocrx_word' id='word_1_67' title='bbox 512 987 590 1034; x_wconf 85' lang='lat' dir='ltr'><strong><em>tanto</em></strong></span> <span class='ocrx_word' id='word_1_68' title='bbox 610 987 674 1055; x_wconf 85' lang='lat' dir='ltr'><strong><em>post</em></strong></span> <span class='ocrx_word' id='word_1_69' title='bbox 693 977 853 1039; x_wconf 81' lang='lat' dir='ltr'><strong><em>intervallo</em></strong></span> <span class='ocrx_word' id='word_1_70' title='bbox 867 982 988 1059; x_wconf 82' lang='lat' dir='ltr'><strong><em>putrium</em></strong></span> 
     </span>
     <span class='ocr_line' id='line_1_12' title="bbox 197 1059 988 1139; baseline 0 -22"><span class='ocrx_word' id='word_1_71' title='bbox 197 1061 314 1117; x_wconf 81' lang='lat' dir='ltr'><strong><em>inuisere</em></strong></span> <span class='ocrx_word' id='word_1_72' title='bbox 333 1076 450 1137; x_wconf 83' lang='lat' dir='ltr'><strong><em>regnum</em></strong></span> <span class='ocrx_word' id='word_1_73' title='bbox 468 1078 478 1114; x_wconf 91' lang='lat'><strong><em>.·</em></strong></span> <span class='ocrx_word' id='word_1_74' title='bbox 496 1060 621 1116; x_wconf 81' lang='lat' dir='ltr'><strong><em>sedtum</em></strong></span> <span class='ocrx_word' id='word_1_75' title='bbox 640 1059 770 1115; x_wconf 86' lang='lat' dir='ltr'><strong><em>secundis</em></strong></span> <span class='ocrx_word' id='word_1_76' title='bbox 790 1100 799 1128; x_wconf 94' lang='lat'>‚</span> <span class='ocrx_word' id='word_1_77' title='bbox 831 1060 926 1139; x_wconf 84' lang='lat' dir='ltr'><strong><em>qudm</em></strong></span> <span class='ocrx_word' id='word_1_78' title='bbox 944 1061 988 1117; x_wconf 81' lang='lat' dir='ltr'><strong><em>ad·</em></strong></span> 
     </span>
     <span class='ocr_line' id='line_1_13' title="bbox 196 1135 988 1214; baseline -0.004 -17"><span class='ocrx_word' id='word_1_79' title='bbox 196 1141 283 1197; x_wconf 82' lang='lat' dir='ltr'><strong><em>uersis</em></strong></span> <span class='ocrx_word' id='word_1_80' title='bbox 304 1135 385 1195; x_wconf 82' lang='lat' dir='ltr'><strong><em>rebus</em></strong></span> <span class='ocrx_word' id='word_1_81' title='bbox 401 1159 454 1195; x_wconf 89' lang='lat' dir='ltr'><strong><em>non</em></strong></span> <span class='ocrx_word' id='word_1_82' title='bbox 475 1139 538 1194; x_wconf 81' lang='lat' dir='ltr'><strong><em>dari</em></strong></span> <span class='ocrx_word' id='word_1_83' title='bbox 560 1135 680 1214; x_wconf 80' lang='lat' dir='ltr'><strong><em>spatium</em></strong></span> <span class='ocrx_word' id='word_1_84' title='bbox 696 1140 734 1194; x_wconf 85' lang='lat' dir='ltr'><strong><em>od</em></strong></span> <span class='ocrx_word' id='word_1_85' title='bbox 752 1144 941 1197; x_wconf 84' lang='lat' dir='ltr'><strong><em>cessandum.</em></strong></span> <span class='ocrx_word' id='word_1_86' title='bbox 962 1136 988 1195; x_wconf 88' lang='lat' dir='ltr'><strong><em>Si</em></strong></span> 
     </span>
    </p>

    <p class='ocr_par' dir='ltr' id='par_1_4' title="bbox 142 1214 989 1534">
     <span class='ocr_line' id='line_1_14' title="bbox 142 1214 989 1296; baseline -0.002 -18"><span class='ocrx_word' id='word_1_87' title='bbox 142 1273 149 1285; x_wconf 80' lang='grc'><em>,</em></span> <span class='ocrx_word' id='word_1_88' title='bbox 198 1240 227 1278; x_wconf 83' lang='lat' dir='ltr'><strong><em>se</em></strong></span> <span class='ocrx_word' id='word_1_89' title='bbox 248 1217 353 1277; x_wconf 80' lang='lat' dir='ltr'><strong><em>Laelt&#39;us</em></strong></span> <span class='ocrx_word' id='word_1_90' title='bbox 368 1237 428 1273; x_wconf 87' lang='lat' dir='ltr'><strong><em>cunr</em></strong></span> <span class='ocrx_word' id='word_1_91' title='bbox 454 1217 582 1295; x_wconf 82' lang='lat' dir='ltr'><strong><em>equitatu</em></strong></span> <span class='ocrx_word' id='word_1_92' title='bbox 601 1219 744 1295; x_wconf 82' lang='lat' dir='ltr'><strong><em>uinctoque</em></strong></span> <span class='ocrx_word' id='word_1_93' title='bbox 767 1215 910 1296; x_wconf 77' lang='lat' dir='ltr'><em>Syphace</em></span> <span class='ocrx_word' id='word_1_94' title='bbox 931 1214 989 1277; x_wconf 85' lang='lat' dir='ltr'><strong><em>Cir·</em></strong></span> 
     </span>
     <span class='ocr_line' id='line_1_15' title="bbox 196 1298 986 1374; baseline -0.003 -17"><span class='ocrx_word' id='word_1_95' title='bbox 196 1311 255 1358; x_wconf 81' lang='lat' dir='ltr'><strong><em>tam</em></strong></span> <span class='ocrx_word' id='word_1_96' title='bbox 277 1298 432 1374; x_wconf 79' lang='lat' dir='ltr'><strong><em>procedere</em></strong></span> <span class='ocrx_word' id='word_1_97' title='bbox 458 1301 535 1353; x_wconf 80' lang='lat' dir='ltr'><strong><em>sinat</em></strong></span> <span class='ocrx_word' id='word_1_98' title='bbox 557 1338 567 1367; x_wconf 90' lang='lat'>,</span> <span class='ocrx_word' id='word_1_99' title='bbox 604 1298 711 1373; x_wconf 84' lang='lat' dir='ltr'><strong><em>trepida</em></strong></span> <span class='ocrx_word' id='word_1_100' title='bbox 736 1302 837 1354; x_wconf 83' lang='lat' dir='ltr'><strong><em>omnin</em></strong></span> <span class='ocrx_word' id='word_1_101' title='bbox 869 1310 948 1358; x_wconf 88' lang='lat' dir='ltr'><strong><em>metu</em></strong></span> <span class='ocrx_word' id='word_1_102' title='bbox 963 1316 986 1355; x_wconf 84' lang='lat' dir='ltr'><strong><em>se</em></strong></span> 
     </span>
     <span class='ocr_line' id='line_1_16' title="bbox 195 1374 985 1456; baseline -0.004 -20"><span class='ocrx_word' id='word_1_103' title='bbox 195 1395 388 1456; x_wconf 86' lang='lat' dir='ltr'><strong><em>oppressurum</em></strong></span> <span class='ocrx_word' id='word_1_104' title='bbox 416 1396 426 1431; x_wconf 89' lang='lat'><strong><em>.·</em></strong></span> <span class='ocrx_word' id='word_1_105' title='bbox 452 1374 569 1434; x_wconf 80' lang='lat' dir='ltr'><strong><em>Loelium</em></strong></span> <span class='ocrx_word' id='word_1_106' title='bbox 599 1396 661 1435; x_wconf 86' lang='lat' dir='ltr'><strong><em>curn</em></strong></span> <span class='ocrx_word' id='word_1_107' title='bbox 681 1374 828 1455; x_wconf 74' lang='lat' dir='ltr'><strong><em>peditibus</em></strong></span> <span class='ocrx_word' id='word_1_108' title='bbox 861 1377 985 1456; x_wconf 73' lang='lat' dir='ltr'><strong><em>subsequi</em></strong></span> 
     </span>
     <span class='ocr_line' id='line_1_17' title="bbox 194 1453 570 1534; baseline -0.008 -17"><span class='ocrx_word' id='word_1_109' title='bbox 194 1458 311 1523; x_wconf 85' lang='lat' dir='ltr'><strong><em>modicis</em></strong></span> <span class='ocrx_word' id='word_1_110' title='bbox 326 1453 471 1513; x_wconf 79' lang='lat' dir='ltr'><strong><em>itineribus</em></strong></span> <span class='ocrx_word' id='word_1_111' title='bbox 481 1475 570 1534; x_wconf 84' lang='lat' dir='ltr'><strong><em>posse.</em></strong></span> 
     </span>
    </p>

    <p class='ocr_par' dir='ltr' id='par_1_5' title="bbox 188 1533 986 1928">
     <span class='ocr_line' id='line_1_18' title="bbox 236 1533 985 1611; baseline 0 -18"><span class='ocrx_word' id='word_1_112' title='bbox 236 1536 273 1599; x_wconf 91' lang='lat' dir='ltr'><strong><em>V.</em></strong></span> <span class='ocrx_word' id='word_1_113' title='bbox 295 1535 483 1594; x_wconf 83' lang='lat' dir='ltr'><strong><em>Assentiente</em></strong></span> <span class='ocrx_word' id='word_1_114' title='bbox 503 1533 617 1604; x_wconf 62' lang='lat' dir='ltr'><strong><em>Laelio,</em></strong></span> <span class='ocrx_word' id='word_1_115' title='bbox 643 1551 829 1611; x_wconf 80' lang='lat' dir='ltr'><strong><em>praegressus</em></strong></span> <span class='ocrx_word' id='word_1_116' title='bbox 854 1535 985 1606; x_wconf 75' lang='lat' dir='ltr'><strong><em>Cirtam,</em></strong></span> 
     </span>
     <span class='ocr_line' id='line_1_19' title="bbox 188 1613 984 1694; baseline -0.005 -17"><span class='ocrx_word' id='word_1_117' title='bbox 188 1616 312 1677; x_wconf 72' lang='lat' dir='ltr'><strong><em>evocari</em></strong></span> <span class='ocrx_word' id='word_1_118' title='bbox 329 1613 361 1673; x_wconf 79' lang='lat' dir='ltr'><strong><em>sd</em></strong></span> <span class='ocrx_word' id='word_1_119' title='bbox 377 1613 557 1692; x_wconf 85' lang='lat' dir='ltr'>colloquium</span> <span class='ocrx_word' id='word_1_120' title='bbox 574 1613 725 1692; x_wconf 73' lang='lat' dir='ltr'><strong><em>principes</em></strong></span> <span class='ocrx_word' id='word_1_121' title='bbox 738 1614 938 1676; x_wconf 79' lang='lat' dir='ltr'><strong><em>Cirtensium</em></strong></span> <span class='ocrx_word' id='word_1_122' title='bbox 949 1617 984 1694; x_wconf 76' lang='lat' dir='ltr'><strong><em>ju·</em></strong></span> 
     </span>
     <span class='ocr_line' id='line_1_20' title="bbox 194 1691 984 1775; baseline -0.001 -20"><span class='ocrx_word' id='word_1_123' title='bbox 194 1695 253 1756; x_wconf 78' lang='lat' dir='ltr'><strong><em>bei.</em></strong></span> <span class='ocrx_word' id='word_1_124' title='bbox 271 1695 325 1755; x_wconf 88' lang='lat' dir='ltr'><strong><em>Sed</em></strong></span> <span class='ocrx_word' id='word_1_125' title='bbox 338 1694 413 1775; x_wconf 87' lang='lat' dir='ltr'><strong><em>apud</em></strong></span> <span class='ocrx_word' id='word_1_126' title='bbox 425 1695 543 1771; x_wconf 82' lang='lat' dir='ltr'><strong><em>ignaros</em></strong></span> <span class='ocrx_word' id='word_1_127' title='bbox 561 1694 640 1770; x_wconf 84' lang='lat' dir='ltr'><strong><em>regis</em></strong></span> <span class='ocrx_word' id='word_1_128' title='bbox 654 1691 764 1764; x_wconf 81' lang='lat' dir='ltr'><strong><em>casbs,</em></strong></span> <span class='ocrx_word' id='word_1_129' title='bbox 795 1712 904 1773; x_wconf 88' lang='lat' dir='ltr'><strong><em>neque</em></strong></span> <span class='ocrx_word' id='word_1_130' title='bbox 924 1711 984 1774; x_wconf 78' lang='lat' dir='ltr'><strong><em>quoe</em></strong></span> 
     </span>
     <span class='ocr_line' id='line_1_21' title="bbox 195 1773 983 1855; baseline -0.001 -22"><span class='ocrx_word' id='word_1_131' title='bbox 195 1786 260 1833; x_wconf 88' lang='lat' dir='ltr'><strong><em>acta</em></strong></span> <span class='ocrx_word' id='word_1_132' title='bbox 274 1785 370 1833; x_wconf 79' lang='lat' dir='ltr'><strong><em>essent</em></strong></span> <span class='ocrx_word' id='word_1_133' title='bbox 380 1773 565 1855; x_wconf 86' lang='lat' dir='ltr'><strong><em>promendo,</em></strong></span> <span class='ocrx_word' id='word_1_134' title='bbox 584 1791 638 1831; x_wconf 88' lang='lat' dir='ltr'><strong><em>nec</em></strong></span> <span class='ocrx_word' id='word_1_135' title='bbox 656 1773 766 1842; x_wconf 84' lang='lat' dir='ltr'><strong><em>minis,</em></strong></span> <span class='ocrx_word' id='word_1_136' title='bbox 788 1792 848 1831; x_wconf 90' lang='lat' dir='ltr'><strong><em>nec</em></strong></span> <span class='ocrx_word' id='word_1_137' title='bbox 866 1776 983 1835; x_wconf 85' lang='lat' dir='ltr'><strong><em>suaden-</em></strong></span> 
     </span>
     <span class='ocr_line' id='line_1_22' title="bbox 192 1853 986 1928; baseline 0.006 -18"><span class='ocrx_word' id='word_1_138' title='bbox 192 1853 250 1922; x_wconf 92' lang='lat' dir='ltr'><strong><em>do,</em></strong></span> <span class='ocrx_word' id='word_1_139' title='bbox 279 1855 345 1911; x_wconf 79' lang='lat' dir='ltr'><strong><em>antb</em></strong></span> <span class='ocrx_word' id='word_1_140' title='bbox 373 1853 487 1923; x_wconf 87' lang='lat' dir='ltr'><strong><em>valuit,</em></strong></span> <span class='ocrx_word' id='word_1_141' title='bbox 516 1853 603 1928; x_wconf 70' lang='lat' dir='ltr'><strong><em>quim</em></strong></span> <span class='ocrx_word' id='word_1_142' title='bbox 627 1872 677 1910; x_wconf 83' lang='lat' dir='ltr'><strong><em>rex</em></strong></span> <span class='ocrx_word' id='word_1_143' title='bbox 705 1854 825 1912; x_wconf 88' lang='lat' dir='ltr'><strong><em>vinctus</em></strong></span> <span class='ocrx_word' id='word_1_144' title='bbox 847 1855 883 1913; x_wconf 88' lang='lat' dir='ltr'><strong><em>in</em></strong></span> <span class='ocrx_word' id='word_1_145' title='bbox 911 1871 986 1915; x_wconf 75' lang='lat' dir='ltr'><strong><em>cnut·</em></strong></span> 
     </span>
    </p>
   </div>
   <div class='ocr_carea' id='block_1_3' title="bbox 191 1929 982 2258">
    <p class='ocr_par' dir='ltr' id='par_1_6' title="bbox 191 1929 982 2258">
     <span class='ocr_line' id='line_1_23' title="bbox 192 1929 982 2012; baseline 0.008 -24"><span class='ocrx_word' id='word_1_146' title='bbox 192 1941 312 2011; x_wconf 87' lang='lat' dir='ltr'><strong><em>pectum</em></strong></span> <span class='ocrx_word' id='word_1_147' title='bbox 338 1929 420 1989; x_wconf 88' lang='lat' dir='ltr'><strong><em>datus</em></strong></span> <span class='ocrx_word' id='word_1_148' title='bbox 446 1939 499 1989; x_wconf 87' lang='lat' dir='ltr'><strong><em>est.</em></strong></span> <span class='ocrx_word' id='word_1_149' title='bbox 528 1931 605 1989; x_wconf 88' lang='lat' dir='ltr'><strong><em>Tum</em></strong></span> <span class='ocrx_word' id='word_1_150' title='bbox 627 1930 661 1988; x_wconf 90' lang='lat' dir='ltr'><strong><em>ad</em></strong></span> <span class='ocrx_word' id='word_1_151' title='bbox 688 1931 905 2012; x_wconf 80' lang='lat' dir='ltr'><strong><em>spectaculum</em></strong></span> <span class='ocrx_word' id='word_1_152' title='bbox 933 1948 982 1994; x_wconf 85' lang='lat' dir='ltr'><strong><em>tam</em></strong></span> 
     </span>
     <span class='ocr_line' id='line_1_24' title="bbox 193 2010 980 2096; baseline 0 -24"><span class='ocrx_word' id='word_1_153' title='bbox 193 2011 301 2072; x_wconf 83' lang='lat' dir='ltr'><strong><em>foedum</em></strong></span> <span class='ocrx_word' id='word_1_154' title='bbox 329 2010 525 2089; x_wconf 81' lang='lat' dir='ltr'><strong><em>comploratio</em></strong></span> <span class='ocrx_word' id='word_1_155' title='bbox 550 2020 614 2070; x_wconf 87' lang='lat' dir='ltr'><strong><em>orta</em></strong></span> <span class='ocrx_word' id='word_1_156' title='bbox 640 2031 646 2071; x_wconf 92' lang='lat'>:</span> <span class='ocrx_word' id='word_1_157' title='bbox 673 2023 703 2070; x_wconf 87' lang='lat' dir='ltr'><strong><em>et</em></strong></span> <span class='ocrx_word' id='word_1_158' title='bbox 733 2016 850 2092; x_wconf 83' lang='lat' dir='ltr'><strong><em>partim</em></strong></span> <span class='ocrx_word' id='word_1_159' title='bbox 878 2034 980 2096; x_wconf 84' lang='lat' dir='ltr'><strong><em>pavore</em></strong></span> 
     </span>
     <span class='ocr_line' id='line_1_25' title="bbox 191 2090 978 2172; baseline 0.003 -22"><span class='ocrx_word' id='word_1_160' title='bbox 191 2094 301 2150; x_wconf 87' lang='lat' dir='ltr'><strong><em>moenia</em></strong></span> <span class='ocrx_word' id='word_1_161' title='bbox 316 2104 383 2152; x_wconf 84' lang='lat' dir='ltr'><strong><em>sunt</em></strong></span> <span class='ocrx_word' id='word_1_162' title='bbox 396 2091 510 2151; x_wconf 87' lang='lat' dir='ltr'><strong><em>deserta</em></strong></span> <span class='ocrx_word' id='word_1_163' title='bbox 522 2136 531 2165; x_wconf 89' lang='lat'><strong>‚</strong></span> <span class='ocrx_word' id='word_1_164' title='bbox 543 2090 649 2171; x_wconf 83' lang='lat' dir='ltr'><strong><em>partim</em></strong></span> <span class='ocrx_word' id='word_1_165' title='bbox 664 2092 825 2172; x_wconf 85' lang='lat' dir='ltr'><strong><em>repentino</em></strong></span> <span class='ocrx_word' id='word_1_166' title='bbox 837 2112 978 2156; x_wconf 84' lang='lat' dir='ltr'><strong><em>consensu</em></strong></span> 
     </span>
     <span class='ocr_line' id='line_1_26' title="bbox 191 2171 977 2258; baseline 0.009 -28"><span class='ocrx_word' id='word_1_167' title='bbox 191 2175 317 2251; x_wconf 76' lang='lat' dir='ltr'><strong><em>gratiam</em></strong></span> <span class='ocrx_word' id='word_1_168' title='bbox 339 2171 417 2258; x_wconf 84' lang='lat' dir='ltr'><strong><em>apud</em></strong></span> <span class='ocrx_word' id='word_1_169' title='bbox 443 2174 586 2234; x_wconf 89' lang='lat' dir='ltr'><strong><em>victorem</em></strong></span> <span class='ocrx_word' id='word_1_170' title='bbox 611 2171 803 2250; x_wconf 73' lang='lat' dir='ltr'><strong><em>querentium</em></strong></span> <span class='ocrx_word' id='word_1_171' title='bbox 826 2179 977 2255; x_wconf 76' lang='lat' dir='ltr'><strong><em>patefacte</em></strong></span> 
     </span>
    </p>
   </div>
   <div class='ocr_carea' id='block_1_4' title="bbox 68 2265 978 2423">
    <p class='ocr_par' dir='ltr' id='par_1_7' title="bbox 68 2265 978 2423">
     <span class='ocr_line' id='line_1_27' title="bbox 68 2265 978 2423; baseline 0.009 -44"><span class='ocrx_word' id='word_1_172' title='bbox 68 2327 179 2400; x_wconf 40' lang='lat' dir='ltr'><em>&#39;Syphax</em></span> <span class='ocrx_word' id='word_1_173' title='bbox 191 2265 366 2397; x_wconf 49' lang='lat' dir='ltr'><strong><em>poffind&amp;</em></strong></span> <span class='ocrx_word' id='word_1_174' title='bbox 384 2333 526 2413; x_wconf 81' lang='lat' dir='ltr'><strong><em>Syphax,</em></strong></span> <span class='ocrx_word' id='word_1_175' title='bbox 550 2331 701 2423; x_wconf 78' lang='lat' dir='ltr'><strong><em>ceterique</em></strong></span> <span class='ocrx_word' id='word_1_176' title='bbox 723 2331 835 2413; x_wconf 80' lang='lat' dir='ltr'><strong><em>captivi</em></strong></span> <span class='ocrx_word' id='word_1_177' title='bbox 857 2338 903 2397; x_wconf 84' lang='lat' dir='ltr'><strong><em>ad</em></strong></span> <span class='ocrx_word' id='word_1_178' title='bbox 919 2340 978 2399; x_wconf 86' lang='lat' dir='ltr'><strong><em>Sci.</em></strong></span> 
     </span>
    </p>
   </div>
   <div class='ocr_carea' id='block_1_5' title="bbox 68 2402 976 2498">
    <p class='ocr_par' dir='ltr' id='par_1_8' title="bbox 68 2402 976 2498">
     <span class='ocr_line' id='line_1_28' title="bbox 68 2402 976 2498; baseline 0.014 -34"><span class='ocrx_word' id='word_1_179' title='bbox 68 2402 179 2498; x_wconf 52' lang='lat' dir='ltr'><strong><em>ffl&#39;n‘ss</em></strong></span> <span class='ocrx_word' id='word_1_180' title='bbox 192 2413 310 2493; x_wconf 85' lang='lat' dir='ltr'><strong><em>pionem</em></strong></span> <span class='ocrx_word' id='word_1_181' title='bbox 324 2414 427 2471; x_wconf 85' lang='lat' dir='ltr'><strong><em>missi:</em></strong></span> <span class='ocrx_word' id='word_1_182' title='bbox 444 2410 609 2493; x_wconf 77' lang='lat' dir='ltr'><strong><em>Syphscem</em></strong></span> <span class='ocrx_word' id='word_1_183' title='bbox 625 2430 655 2470; x_wconf 91' lang='lat' dir='ltr'><strong><em>m</em></strong></span> <span class='ocrx_word' id='word_1_184' title='bbox 672 2423 766 2472; x_wconf 85' lang='lat' dir='ltr'><strong><em>castra</em></strong></span> <span class='ocrx_word' id='word_1_185' title='bbox 783 2412 894 2477; x_wconf 84' lang='lat' dir='ltr'><strong><em>adduci</em></strong></span> <span class='ocrx_word' id='word_1_186' title='bbox 911 2420 976 2476; x_wconf 83' lang='lat' dir='ltr'><strong><em>edm</em></strong></span> 
     </span>
    </p>
   </div>
   <div class='ocr_carea' id='block_1_6' title="bbox 68 2489 985 3466">
    <p class='ocr_par' dir='ltr' id='par_1_9' title="bbox 68 2489 973 2732">
     <span class='ocr_line' id='line_1_29' title="bbox 68 2489 973 2570; baseline 0.006 -17"><span class='ocrx_word' id='word_1_187' title='bbox 68 2508 160 2554; x_wconf 65' lang='lat' dir='ltr'><strong><em>retusi.</em></strong></span> <span class='ocrx_word' id='word_1_188' title='bbox 191 2506 268 2551; x_wconf 88' lang='lat' dir='ltr'><strong><em>esset</em></strong></span> <span class='ocrx_word' id='word_1_189' title='bbox 284 2494 450 2551; x_wconf 88' lang='lat' dir='ltr'><strong><em>nunciatum</em></strong></span> <span class='ocrx_word' id='word_1_190' title='bbox 469 2536 476 2563; x_wconf 94' lang='lat'>‚</span> <span class='ocrx_word' id='word_1_191' title='bbox 501 2493 599 2549; x_wconf 89' lang='lat' dir='ltr'><strong><em>omnis</em></strong></span> <span class='ocrx_word' id='word_1_192' title='bbox 620 2489 749 2550; x_wconf 86' lang='lat' dir='ltr'><strong><em>velutad</em></strong></span> <span class='ocrx_word' id='word_1_193' title='bbox 765 2498 973 2570; x_wconf 79' lang='lat' dir='ltr'><strong><em>spectaculum</em></strong></span> 
     </span>
     <span class='ocr_line' id='line_1_30' title="bbox 68 2570 973 2658; baseline 0.007 -29"><span class='ocrx_word' id='word_1_194' title='bbox 68 2577 108 2615; x_wconf 60' lang='grc' dir='ltr'><strong><em>Ἦν·</em></strong></span> <span class='ocrx_word' id='word_1_195' title='bbox 190 2573 333 2653; x_wconf 86' lang='lat' dir='ltr'><strong><em>triumphi</em></strong></span> <span class='ocrx_word' id='word_1_196' title='bbox 349 2571 507 2630; x_wconf 86' lang='lat' dir='ltr'><strong><em>multitudo</em></strong></span> <span class='ocrx_word' id='word_1_197' title='bbox 522 2570 618 2631; x_wconf 84' lang='lat' dir='ltr'><strong><em>effusa</em></strong></span> <span class='ocrx_word' id='word_1_198' title='bbox 638 2582 692 2631; x_wconf 87' lang='lat' dir='ltr'><strong><em>est.</em></strong></span> <span class='ocrx_word' id='word_1_199' title='bbox 707 2572 897 2636; x_wconf 82' lang='lat' dir='ltr'><strong><em>Praecedebat</em></strong></span> <span class='ocrx_word' id='word_1_200' title='bbox 913 2579 973 2658; x_wconf 83' lang='lat' dir='ltr'><strong><em>ipse</em></strong></span> 
     </span>
     <span class='ocr_line' id='line_1_31' title="bbox 189 2652 973 2732; baseline 0.006 -20"><span class='ocrx_word' id='word_1_201' title='bbox 189 2653 305 2712; x_wconf 87' lang='lat' dir='ltr'><strong><em>vinctus</em></strong></span> <span class='ocrx_word' id='word_1_202' title='bbox 333 2674 338 2711; x_wconf 96' lang='lat'><strong>:</strong></span> <span class='ocrx_word' id='word_1_203' title='bbox 364 2653 540 2732; x_wconf 78' lang='lat' dir='ltr'><strong><em>sequebatur</em></strong></span> <span class='ocrx_word' id='word_1_204' title='bbox 559 2672 631 2731; x_wconf 79' lang='lat' dir='ltr'><strong><em>greti</em></strong></span> <span class='ocrx_word' id='word_1_205' title='bbox 656 2652 973 2717; x_wconf 80' lang='lat' dir='ltr'><strong><em>nobilium-Numida·</em></strong></span> 
     </span>
    </p>

    <p class='ocr_par' dir='ltr' id='par_1_10' title="bbox 187 2732 972 2893">
     <span class='ocr_line' id='line_1_32' title="bbox 189 2732 972 2816; baseline 0.003 -24"><span class='ocrx_word' id='word_1_206' title='bbox 189 2753 265 2792; x_wconf 86' lang='lat' dir='ltr'><strong><em>rum.</em></strong></span> <span class='ocrx_word' id='word_1_207' title='bbox 288 2733 365 2792; x_wconf 89' lang='lat' dir='ltr'><strong><em>Tum</em></strong></span> <span class='ocrx_word' id='word_1_208' title='bbox 381 2746 521 2808; x_wconf 86' lang='lat' dir='ltr'><strong><em>quantum</em></strong></span> <span class='ocrx_word' id='word_1_209' title='bbox 544 2736 668 2812; x_wconf 86' lang='lat' dir='ltr'><strong><em>quisque</em></strong></span> <span class='ocrx_word' id='word_1_210' title='bbox 688 2732 848 2813; x_wconf 88' lang='lat' dir='ltr'><strong><em>plurimum</em></strong></span> <span class='ocrx_word' id='word_1_211' title='bbox 874 2747 972 2816; x_wconf 83' lang='lat' dir='ltr'><strong><em>posset</em></strong></span> 
     </span>
     <span class='ocr_line' id='line_1_33' title="bbox 187 2811 969 2893; baseline 0.012 -24"><span class='ocrx_word' id='word_1_212' title='bbox 187 2812 384 2886; x_wconf 81' lang='lat' dir='ltr'><strong><em>magnitudini</em></strong></span> <span class='ocrx_word' id='word_1_213' title='bbox 396 2811 537 2893; x_wconf 84' lang='lat' dir='ltr'><strong><em>Syphacis</em></strong></span> <span class='ocrx_word' id='word_1_214' title='bbox 552 2859 560 2885; x_wconf 93' lang='lat'>‚</span> <span class='ocrx_word' id='word_1_215' title='bbox 578 2813 659 2873; x_wconf 82' lang='lat' dir='ltr'><strong><em>famae</em></strong></span> <span class='ocrx_word' id='word_1_216' title='bbox 669 2815 767 2891; x_wconf 81' lang='lat' dir='ltr'><strong><em>gentis</em></strong></span> <span class='ocrx_word' id='word_1_217' title='bbox 783 2857 793 2885; x_wconf 86' lang='lat'><em>‚</em></span> <span class='ocrx_word' id='word_1_218' title='bbox 812 2815 969 2878; x_wconf 81' lang='lat' dir='ltr'><strong><em>victoriam</em></strong></span> 
     </span>
    </p>

    <p class='ocr_par' dir='ltr' id='par_1_11' title="bbox 183 2891 970 2973">
     <span class='ocr_line' id='line_1_34' title="bbox 183 2891 970 2973; baseline 0.006 -21"><span class='ocrx_word' id='word_1_219' title='bbox 183 2911 269 2952; x_wconf 82' lang='lat' dir='ltr'><strong><em>suam</em></strong></span> <span class='ocrx_word' id='word_1_220' title='bbox 287 2891 423 2968; x_wconf 81' lang='lat' dir='ltr'><strong><em>augendo</em></strong></span> <span class='ocrx_word' id='word_1_221' title='bbox 440 2936 447 2963; x_wconf 93' lang='lat'>‚</span> <span class='ocrx_word' id='word_1_222' title='bbox 469 2892 600 2953; x_wconf 84' lang='lat' dir='ltr'><strong><em>addebat.</em></strong></span> <span class='ocrx_word' id='word_1_223' title='bbox 616 2893 699 2953; x_wconf 83' lang='lat' dir='ltr'><strong><em>Illum</em></strong></span> <span class='ocrx_word' id='word_1_224' title='bbox 714 2916 772 2954; x_wconf 86' lang='lat' dir='ltr'><strong><em>esse</em></strong></span> <span class='ocrx_word' id='word_1_225' title='bbox 787 2916 884 2973; x_wconf 80' lang='lat' dir='ltr'><strong><em>regem</em></strong></span> <span class='ocrx_word' id='word_1_226' title='bbox 900 2942 910 2971; x_wconf 89' lang='lat'>,</span> <span class='ocrx_word' id='word_1_227' title='bbox 926 2921 970 2957; x_wconf 88' lang='lat' dir='ltr'><strong><em>cu-</em></strong></span> 
     </span>
    </p>

    <p class='ocr_par' dir='ltr' id='par_1_12' title="bbox 185 2974 968 3134">
     <span class='ocr_line' id='line_1_35' title="bbox 185 2974 968 3051; baseline 0.01 -20"><span class='ocrx_word' id='word_1_228' title='bbox 185 2974 231 3040; x_wconf 82' lang='lat' dir='ltr'><strong><em>ius</em></strong></span> <span class='ocrx_word' id='word_1_229' title='bbox 253 2984 360 3030; x_wconf 79' lang='lat' dir='ltr'><strong><em>tuntum</em></strong></span> <span class='ocrx_word' id='word_1_230' title='bbox 385 2974 528 3050; x_wconf 77' lang='lat' dir='ltr'><strong><em>majestati</em></strong></span> <span class='ocrx_word' id='word_1_231' title='bbox 549 2978 601 3034; x_wconf 87' lang='lat' dir='ltr'><strong><em>duo</em></strong></span> <span class='ocrx_word' id='word_1_232' title='bbox 621 2977 808 3051; x_wconf 83' lang='lat' dir='ltr'><strong><em>potentissimi</em></strong></span> <span class='ocrx_word' id='word_1_233' title='bbox 831 2981 860 3035; x_wconf 89' lang='lat' dir='ltr'><strong><em>in</em></strong></span> <span class='ocrx_word' id='word_1_234' title='bbox 882 2982 968 3039; x_wconf 72' lang='lat' dir='ltr'><strong><em>tersit</em></strong></span> 
     </span>
     <span class='ocr_line' id='line_1_36' title="bbox 185 3051 968 3134; baseline 0.009 -22"><span class='ocrx_word' id='word_1_235' title='bbox 185 3051 334 3112; x_wconf 81' lang='lat' dir='ltr'><strong><em>tribuerint</em></strong></span> <span class='ocrx_word' id='word_1_236' title='bbox 363 3051 460 3129; x_wconf 86' lang='lat' dir='ltr'><strong><em>populi</em></strong></span> <span class='ocrx_word' id='word_1_237' title='bbox 484 3093 494 3121; x_wconf 90' lang='lat'>,</span> <span class='ocrx_word' id='word_1_238' title='bbox 531 3053 672 3114; x_wconf 82' lang='lat' dir='ltr'><strong><em>Romanus</em></strong></span> <span class='ocrx_word' id='word_1_239' title='bbox 708 3054 968 3134; x_wconf 78' lang='lat' dir='ltr'><strong><em>Carthaginiensis-</em></strong></span> 
     </span>
    </p>

    <p class='ocr_par' dir='ltr' id='par_1_13' title="bbox 182 3129 985 3466">
     <span class='ocr_line' id='line_1_37' title="bbox 184 3129 967 3219; baseline 0.013 -31"><span class='ocrx_word' id='word_1_240' title='bbox 184 3153 237 3211; x_wconf 86' lang='lat' dir='ltr'><strong><em>que</em></strong></span> <span class='ocrx_word' id='word_1_241' title='bbox 253 3174 262 3201; x_wconf 90' lang='lat'>,</span> <span class='ocrx_word' id='word_1_242' title='bbox 288 3143 320 3192; x_wconf 89' lang='lat' dir='ltr'><strong><em>ut</em></strong></span> <span class='ocrx_word' id='word_1_243' title='bbox 336 3129 426 3210; x_wconf 80' lang='lat' dir='ltr'><strong><em>Scipio</em></strong></span> <span class='ocrx_word' id='word_1_244' title='bbox 437 3133 587 3210; x_wconf 81' lang='lat' dir='ltr'><strong><em>imperator</em></strong></span> <span class='ocrx_word' id='word_1_245' title='bbox 601 3154 666 3192; x_wconf 88' lang='lat' dir='ltr'><strong><em>suus</em></strong></span> <span class='ocrx_word' id='word_1_246' title='bbox 681 3140 719 3194; x_wconf 85' lang='lat' dir='ltr'><strong><em>od</em></strong></span> <span class='ocrx_word' id='word_1_247' title='bbox 733 3140 888 3196; x_wconf 81' lang='lat' dir='ltr'><strong><em>amicitiam</em></strong></span> <span class='ocrx_word' id='word_1_248' title='bbox 907 3143 967 3219; x_wconf 76' lang='lat' dir='ltr'><strong><em>ejus</em></strong></span> 
     </span>
     <span class='ocr_line' id='line_1_38' title="bbox 182 3210 985 3298; baseline 0.011 -29"><span class='ocrx_word' id='word_1_249' title='bbox 182 3214 333 3289; x_wconf 84' lang='lat' dir='ltr'><strong><em>petendum</em></strong></span> <span class='ocrx_word' id='word_1_250' title='bbox 357 3254 365 3282; x_wconf 90' lang='lat'>‚</span> <span class='ocrx_word' id='word_1_251' title='bbox 399 3212 496 3271; x_wconf 84' lang='lat' dir='ltr'><strong><em>relictd</em></strong></span> <span class='ocrx_word' id='word_1_252' title='bbox 519 3215 658 3291; x_wconf 74' lang='lat' dir='ltr'><strong><em>provincii</em></strong></span> <span class='ocrx_word' id='word_1_253' title='bbox 687 3210 822 3298; x_wconf 79' lang='lat' dir='ltr'><strong><em>Hispuiriti</em></strong></span> <span class='ocrx_word' id='word_1_254' title='bbox 849 3214 985 3278; x_wconf 55' lang='lat' dir='ltr'><strong><em>ebeni-⁵</em></strong></span> 
     </span>
     <span class='ocr_line' id='line_1_39' title="bbox 182 3290 965 3374; baseline 0.015 -27"><span class='ocrx_word' id='word_1_255' title='bbox 182 3301 293 3370; x_wconf 71' lang='lat' dir='ltr'><strong><em>tuque,</em></strong></span> <span class='ocrx_word' id='word_1_256' title='bbox 319 3290 425 3353; x_wconf 71' lang='lat' dir='ltr'><strong><em>duabu</em></strong></span> <span class='ocrx_word' id='word_1_257' title='bbox 447 3296 687 3374; x_wconf 75' lang='lat' dir='ltr'><strong><em>quinqueremibus</em></strong></span> <span class='ocrx_word' id='word_1_258' title='bbox 706 3299 734 3356; x_wconf 90' lang='lat' dir='ltr'><strong><em>in</em></strong></span> <span class='ocrx_word' id='word_1_259' title='bbox 759 3300 888 3372; x_wconf 80' lang='lat' dir='ltr'><strong><em>Africam</em></strong></span> <span class='ocrx_word' id='word_1_260' title='bbox 913 3320 965 3358; x_wconf 85' lang='lat' dir='ltr'><strong><em>na·</em></strong></span> 
     </span>
     <span class='ocr_line' id='line_1_40' title="bbox 800 3382 965 3466; baseline 0.012 -23"><span class='ocrx_word' id='word_1_261' title='bbox 800 3382 965 3466; x_wconf 54' lang='lat' dir='ltr'><strong><em>vigavsriig</em></strong></span> 
     </span>
    </p>
   </div>
   <div class='ocr_carea' id='block_1_7' title="bbox 0 0 1012 3780">
    <p class='ocr_par' dir='ltr' id='par_1_14' title="bbox 0 0 1012 3780">
     <span class='ocr_line' id='line_1_41' title="bbox 0 0 1012 3780; baseline 0 1"><span class='ocrx_word' id='word_1_262' title='bbox 0 0 1012 3780; x_wconf 95' lang='lat' dir='ltr'><strong><em> </em></strong></span> 
     </span>
    </p>
   </div>
  </div>
 </body>
</html>
