2016 3780
245 194 530 270 Nnnnnrro
577 194 650 270 LI.
783 204 848 275 163
905 222 931 279 “.

61 301 312 443 ερεπιάῑεεὲζαιιῐ,
329 315 423 364 castra
439 303 569 365 hostium
588 325 644 384 per
659 304 850 367 occasionem

62 405 150 447 insen
172 403 207 443 en
229 405 249 444 1.

72 508 76 520 ·
104 467 158 529 IV.
179 464 256 525 Cum
276 463 410 541 legatis,
438 450 511 543 qdos
530 465 664 525 mitteret
681 462 717 524 ad
732 462 851 545 Sypha·
934 505 938 510 -
990 430 993 434 Ι

63 542 150 619 cem,
173 543 312 604 calonum
328 543 395 603 ioco
410 549 423 620 (
441 547 483 616 2)
501 547 613 625 primos
626 543 747 604 ordines
762 562 852 622 spec-

61 638 133 687 tatee
160 625 279 683 virtutis
307 633 394 702 atque
417 621 581 702 prudentiae
609 625 723 684 servili.
741 623 850 684 habitu

62 703 220 781 mittebat,
236 704 307 780 qui,
330 702 402 761 dum
414 703 445 761 in
462 702 612 784 colloquio
626 705 717 783 iegati
734 713 851 777 essent,

62 786 130 864 vagi
147 803 201 863 per
221 793 315 842 castra
335 783 411 842 alius
431 781 488 842 alia
513 827 521 856 ,
559 783 658 843 aditus
689 780 852 862 exitusque'

61 883 164 926 omnes
183 907 192 938 ‚
215 864 305 922 situm
322 859 508 941 formamque
524 874 555 921 et
570 863 772 922 universorum
787 881 852 922 cas·

61 958 199 1016 trorum,
221 953 251 1001 et
263 941 412 1022 partium,
436 940 492 1019 qud
509 943 592 1002 Poeni
611 987 619 1013 ,
641 943 698 1021 qui
711 941 851 1003 Numidae

63 1025 206 1086 habereut
230 1066 240 1093 ,
269 1026 410 1100 quantum
431 1020 579 1082 intervalli
608 1022 687 1081 inter
709 1022 854 1085 Asdruba-

61 1103 103 1164 lis
119 1101 251 1181 ac‘regia
271 1113 486 1174 castrassem,
515 1101 755 1180 specularentur;
785 1120 853 1162 mo-

65 1203 187 1263 remque
200 1181 289 1242 simul
300 1178 458 1240 noscerent
469 1181 644 1255 stationum,
667 1182 853 1260 vigiliarum-

87 1285 151 1336 ue3
180 1273 289 1334 nocte,
319 1278 356 1320 an
379 1259 510 1321 interdiu
527 1263 756 1341 opportuniores
777 1263 855 1322 insi-

66 1285 164 1405 dianti
193 1352 299 1402 essent.
330 1340 369 1399 Et
398 1341 477 1400 inter
504 1340 606 1402 crebra
630 1341 777 1421 cottoquia
800 1342 855 1403 alii

67 1435 155 1503 atque
175 1421 230 1483 alii
253 1420 288 1480 de
314 1418 484 1493 industrii,
520 1424 579 1502 qu'o
596 1421 731 1504 pluribus
756 1424 855 1492 omnia

68 1515 137 1567 nota
154 1513 272 1575 essent,
296 1498 500 1562 mittebantur.

108 1584 145 1649 V.
165 1584 241 1646 com
263 1581 371 1662 sepitis
394 1580 507 1659 agitata
526 1600 572 1641 res
594 1583 752 1645 certiorem
770 1585 856 1664 sp‘em

67 1665 151 1747 pacis
167 1665 199 1723 in
213 1662 276 1723 dies
286 1673 315 1721 et
330 1660 485 1743 Syphaci,
510 1673 540 1721 et
555 1662 858 1742 Carthaginiensibus

64 1750 124 1827 per
148 1764 216 1807 eum
245 1743 388 1812 faceret,
421 1738 515 1818 legati
548 1740 674 1804 Romani
695 1749 794 1807 vetitos
825 1767 857 1808 se

68 1831 170 1888 reverti
193 1829 232 1885 ed
248 1827 445 1904 imperatorem
462 1821 571 1894 aiunt,
597 1827 651 1885 nisi
670 1828 778 1886 certum
794 1848 856 1889 res·

64 1927 180 1986 pensum
208 1909 298 1966 detur.
332 1903 469 1965 Tandem
496 1901 622 1964 relatum
645 1927 652 1964 ε
678 1905 856 1986 quibusdam

68 1987 163 2062 (quia
178 1986 267 2043 nimis
284 2000 393 2062 cupere
405 1981 553 2040 Romanus
565 2001 669 2061 pacem
683 1984 856 2062 videbatur)

67 2062 179 2142 iniquis
189 2082 242 2145 per
256 2061 445 2122 occasionem
457 2055 600 2138 adjectis:
617 2078 680 2136 quae
691 2080 857 2144 peroppor-

67 2147 139 2224 tund
155 2141 288 2222 cupienti
304 2139 411 2200 tollere
433 2137 570 2205 inducias
587 2137 721 2219 Scipioni
736 2161 857 2207 causam

67 2219 229 2310 praebudre.
246 2221 289 2280 Ac
308 2219 419 2280 nuncio
443 2219 556 2299 regis,
593 2217 662 2278 crim
691 2221 857 2286 relaturum

68 2327 100 2367 se
113 2305 147 2367 ad
159 2300 317 2366 consilium
330 2299 473 2375 dixisset,
490 2311 610 2382 postero
622 2297 673 2358 die
686 2300 857 2384 respondit,

69 2387 107 2448 Se
130 2409 183 2446 uno
198 2379 311 2459 frustrd
331 2387 482 2453 tendente,
514 2381 588 2441 nulli
599 2379 660 2439 >ulii
673 2401 772 2460 pacem
784 2385 855 2464 pla.

69 2471 168 2528 ruisse.
193 2463 382 2526 Renunciaret
403 2465 413 2521 ι’
434 2465 514 2533 itur,
543 2461 650 2522 nnllam
668 2460 759 2520 eliam
777 2486 856 2543 spem

67 2551 148 2629 pacis
162 2589 170 2617 ,
184 2545 266 2627 qusint
283 2544 390 2603 relictis
407 2483 708 2620 darrtagtnienstbue,
733 2541 857 2624 Syphaci

68 2648 135 2687 cum·
150 2626 281 2685 Romanis
298 2644 365 2682 esse.
380 2620 425 2682 Ita
440 2622 521 2682 toiiit
537 2621 669 2682 inducias
685 2666 694 2698 ,
717 2633 750 2683 ut
762 2623 858 2689 libera

69 2705 131 2768 fide
146 2705 263 2784 incepta
281 2713 504 2782 exsequeretur.

109 2784 162 2849 Vt.
182 2783 327 2845 Deductis
344 2782 466 2843 navibus
491 2787 548 2860 (et
567 2781 624 2861 jam
646 2782 723 2845 veris
742 2783 857 2864 princi·

69 2867 156 2948 pium
184 2877 245 2925 eret
264 2868 277 2939 )
296 2863 446 2924 machinas
467 2872 696 2942 tormentaque,
733 2865 813 2923 velut
835 2863 855 2922 a

69 2947 145 3006 mari
164 2964 355 3025 aggressurus
371 2945 510 3018 Uticam,
534 2944 671 3024 imponit.
699 2942 768 3001 Duo
785 2941 856 3002 mil·

71 3028 111 3084 iia
139 3026 266 3101 militurn
287 3025 321 3094 ad
341 3025 547 3105 capiendum,
586 3042 674 3101 quem
699 3023 783 3082 antei
810 3036 857 3082 te-

72 3115 177 3163 nuerat
192 3120 207 3177 ,·
221 3106 365 3169 tumulum
387 3125 476 3188 super
499 3107 639 3173 Uticam,
671 3103 788 3163 mittit:
813 3104 857 3162 si·

70 3185 134 3248 rnul
160 3196 191 3243 nt
213 3184 249 3244 ab
271 3203 307 3244 eo
331 3186 408 3265 quod
432 3184 580 3266 parabat,
609 3184 640 3241 in
664 3181 856 3257 alteriusrei

92 3305 122 3366 ·².
142 3290 152 3352 (
175 3287 284 3343 Primos
303 3286 445 3359 ordines)
474 3286 622 3339 Primorum
645 3271 768 3339 ordinum
791 3301 857 3347 cen-

73 3364 198 3408 turiones.
240 3384 243 3389 ·
390 3366 392 3371 ·
440 3372 443 3379 ·
690 3386 693 3391 ·
