2016 3780
212 165 487 235 Nannarro
534 159 708 231 XLlX.
783 160 850 261 15}

61 281 96 330 ut
116 266 185 330 satis
208 266 384 338 crederent,
412 277 461 326 aut
480 265 535 324 illo
557 264 634 326 duce
658 277 742 341 atque
763 283 849 322 exer·

65 352 127 410 citu
141 349 219 409 vinci
237 346 511 424 Carthaginiensem
523 344 668 426 populum
683 355 755 416 ,aut
769 343 850 403 nutto

66 424 126 488 atio
142 448 230 507 posse
250 452 259 500 3
284 428 506 506 juberentque,
531 425 607 505 quod
625 424 669 484 dii
686 425 760 484 bene
789 440 851 481 ver-

65 520 180 581 terent,
204 509 338 586 trajicore
353 517 416 580 ,et
437 507 502 585 spei
523 518 697 585 concepte,
728 502 851 582 quodie

64 589 152 651 illum
171 607 272 648 omnes
289 587 428 648 centurie
444 586 575 667 priorem
590 585 742 646 consulem
758 584 853 642 dixis·
924 596 927 601 ·

66 680 168 741 sent,
212 669 312 747 primo
351 685 467 746 quoque
504 678 638 746 tempore
679 674 852 744 compotem

65 748 209 831 populum
223 746 391 808 Romanurn
403 745 499 806 tacere
513 769 520 807 z
544 745 678 824 adebque
691 744 766 810 laetis
781 743 855 803 inde

65 829 172 891 animis
192 828 317 908 profecti
330 837 415 900 sunt,
438 837 573 905 tauquam
590 826 765 897 victoriam,
793 843 852 882 uon

66 908 136 970 belli
159 906 349 987 magnificum
362 918 534 989 apparatum
547 907 713 966 nunciaturi
727 905 852 965 Romam

67 1000 174 1049 essent.

107 1067 221 1134 xxiv.
238 1066 429 1137 Pleminius,
454 1066 564 1145 quique
587 1067 618 1125 'm
639 1064 745 1126 eidem
765 1065 849 1128 causi
863 1047 918 1156 111·ss
914 1049 980 1154 ²²¹3?

66 1159 152 1208 erant
177 1190 186 1214 ,
216 1158 373 1227 postquam
401 1146 525 1205 Romam
552 1159 596 1206 est
627 1157 768 1219 ventum,
800 1167 977 1221 err-murra

69 1227 184 1308 templ'o
210 1228 241 1284 in
273 1245 422 1287 carcerem
444 1224 564 1286 conditi.
590 1228 634 1287 Ac
663 1228 762 1306 primb
782 1247 852 1309 pro-
864 1228 980 1277 moriers,

69 1307 148 1368 ducti
174 1305 208 1365 ad
230 1306 373 1388 populum
400 1306 435 1366 ab
459 1304 608 1379 tribunis,
630 1307 709 1387 apud
731 1327 852 1387 praeoc-
969 1314 974 1319 '

69 1396 191 1468 cupatos
212 1385 403 1446 Locrensium
426 1385 508 1445 clade
530 1388 645 1446 animos
666 1386 781 1447 nullum
801 1389 854 1447 mi.

69 1465 237 1530 sericurdie
248 1467 345 1525 locum
362 1465 535 1527 habuerunt.
551 1467 653 1525 Postea
673 1511 681 1538 ,
714 1467 781 1526 erim
794 1487 854 1527 sae-

69 1547 138 1630 piris
152 1544 387 1625 producerentur
407 1589 417 1618 ,
447 1547 505 1625 jam
525 1557 698 1604 senescente
716 1547 855 1622 invidie,

68 1626 281 1690 molliebantur
294 1626 347 1686 irae
360 1644 367 1682 :
381 1635 411 1683 et
423 1623 488 1704 ipsa
499 1624 670 1685 deformitas
687 1626 827 1699 Pleminii

68 1708 270 1786 memoriaque
298 1700 431 1766 absentis
454 1704 636 1786 Scipionis,
667 1705 797 1767 &sorem
820 1672 865 1773 ab

23 1848 28 1853 ,
67 1786 398 1866 uulgum'concitiabot.
428 1784 562 1844 Mortuus
585 1798 688 1845 temen·
708 1788 793 1868 priris
824 1788 855 1847 in

68 1867 195 1929 vinculis
230 1877 276 1927 est
304 1911 313 1942 ,
348 1864 438 1946 quem
459 1866 605 1947 judicium
624 1865 661 1926 de
683 1886 720 1927 eo
744 1867 860 1950 popuii

36 1958 39 1961 '
70 1946 273 2028 perficeretur.
326 1978 329 1983 ·
775 1956 777 1961 '

111 2027 210 2088 XXV.
224 2026 271 2084 De
283 2024 425 2104 Scipione
441 2044 600 2104 nusquam,
616 2025 675 2086 nisi
687 2026 718 2085 ln
727 2026 830 2095 'senatu
842 2043 857 2099 ,¹

71 2117 181 2168 actum.
195 2106 253 2164 Ubi
264 2123 366 2164 omnes
376 2104 527 2183 legatique
539 2115 570 2163 et
582 2104 710 2180 tribuni,
729 2106 854 2167 classem

71 2206 159 2260 eam,
183 2185 372 2255 exercitum,
405 2184 567 2264 ducemque
583 2183 682 2245 verbis
708 2186 854 2245 extollen-

70 2278 139 2339 tes,
160 2263 342 2338 effecerunt,
365 2274 397 2323 ut
420 2275 537 2324 senatus
557 2275 694 2326 censeret
710 2282 736 2339 ,·
754 2266 855 2346 primo

70 2366 188 2428 quoque
202 2355 336 2427 tempure
353 2344 385 2402 in
401 2344 529 2406 Africam
544 2345 774 2427 trajiciendum,
794 2346 856 2406 Sci-

49 2429 214 2510 rpionique
227 2425 469 2506 permitteretur,
492 2437 525 2485 ut
545 2445 585 2493 ex·
595 2427 633 2488 iis
648 2427 829 2489 exercitibus
845 2470 855 2498 ,

72 2509 123 2585 qui
145 2508 176 2565 in
196 2504 301 2567 fficitit
323 2515 444 2580 essent,
472 2505 537 2588 ipse
560 2505 673 2587 legeret
694 2525 805 2586 „quos
823 2506 854 2565 in

71 2585 202 2647 Africam
215 2604 316 2645 secum
333 2587 483 2664 traiiceret
499 2630 509 2661 ,
534 2586 615 2666 ,quos
629 2586 790 2668 provincis
806 2586 854 2653 're-

71 2665 218 2748 linqueret
236 2662 383 2749 presidio.
842 2660 847 2677 “
