2016 3780
182 188 226 270 76
415 181 539 254 Trea
585 181 736 254 L1v11
836 274 839 279 ι

181 284 224 343 Μ.
253 284 461 365 Pomponius,
495 286 530 348 C.
560 290 732 368 Apronius,
767 285 798 348 P.
825 288 966 366 Villius,

181 363 216 425 C.
245 366 373 446 Oppius.
404 365 573 426 Tribunatu
597 369 696 442 inito,
728 368 762 428 L.
787 367 889 431 lcilius
912 392 968 432 ex-

181 445 294 525 templb
312 445 438 584 tElehem
463 448 609 525 rogavit,¹
628 460 660 507 et
682 449 766 528 plebs
792 450 906 523 scivit,
928 470 967 511 ne

181 527 229 583 cui
248 525 309 584 frau
333 527 339 538 '
364 536 438 585 esset
459 527 589 586 secessio
612 528 647 587 ab
667 527 967 594 Decernatur-facta.

181 604 352 665 Confestim*
365 605 401 665 de
424 605 594 666 consulibus
616 608 749 670 creandis
764 628 833 670 cum
856 629 968 688 provo-

179 685 318 757 catione,
340 684 380 746 M.
405 685 526 746 Duilius
549 689 734 764 rogationom
758 687 905 768 pertulit3
931 713 967 751 ea

178 765 276 825 omnia
291 767 322 824 in
336 765 432 845 pratis
448 765 601 827 Flaminiis
620 768 750 828 concilio
765 769 863 850 plebis
878 780 965 845 acta,

177 865 266 925 quem
282 865 358 907 nunc
375 847 496 908 Circum
509 847 691 909 Flaminium
704 848 867 931 appellant.

218 948 350 1012 XXXl.
393 951 449 1009 Per
485 950 664 1028 interregem
694 951 799 1011 deinde
826 951 965 1014 consules

178 1032 287 1102 creati,
306 1029 340 1089 L.
359 1030 518 1103 Valerius,
540 1032 580 1093 Μ’.
600 1032 758 1103 Horatius,
777 1031 829 1110 qui
847 1043 965 1093 extem·

176 1111 229 1190 plo
244 1111 447 1188 magistratum
461 1126 536 1171 acce'
554 1123 639 1171 crunt
655 1134 661 1170 :
681 1131 805 1190 quorum
821 1114 964 1173 consula·

175 1201 223 1248 tus
240 1189 390 1271 popularis
404 1193 468 1250 sinc
484 1131 556 1250 und
562 1192 677 1251 Petrum
693 1192 819 1270 injurii,
834 1211 888 1253 nec
898 1195 964 1255 aine

176 1269 341 1329 offensione
360 1269 437 1345 fuit3
460 1270 603 1350 quicquid
621 1275 699 1330 euim
715 1273 848 1332 libertati
863 1272 963 1353 plebia

176 1362 351 1424 caveretur,
373 1349 405 1409 id
422 1351 483 1411 suia
495 1352 637 1411 decedere
651 1353 759 1432 opibus
773 1352 944 1415 credebant.

72 1463 166 1524 Ararim
217 1463 367 1528 XXXII.
390 1463 520 1525 Fundati
537 1464 648 1526 deinde
664 1477 695 1534 et
707 1477 853 1546 potestate
861 1468 964 1530 ‘tribu-

60 1537 270 1633 ,fiss‘m'nitim
289 1556 318 1604 et
333 1544 429 1626 plebis
450 1545 605 1618 libertate,
630 1548 692 1606 ttim
712 1547 823 1606 tribuni
838 1549 963 1629 'aggredi

99 1618 106 1632 ’
125 1669 129 1685 .
176 1626 309 1706 singulos
330 1637 425 1689 tutum
446 1640 649 1705 maturumque
666 1630 726 1708 jam
742 1628 820 1698 rati,
839 1647 963 1699 accusa·¹

174 1719 271 1766 torem
296 1708 426 1785 primurn
451 1706 644 1783 virginium,
670 1717 700 1764 et
717 1707 853 1800 ¹,ipsuum
877 1728 962 1770 reum

175 1786 318 1862 deligunt.
336 1785 412 1844 Cuim
429 1783 506 1842 diem
523 1786 625 1864 Appio
640 1785 795 1860 Virginius
814 1786 961 1862 dixisset,

176 1877 205 1923 ct
228 1864 342 1944 Appius
357 1863 483 1945 stipatus
497 1864 630 1943 patriciis
646 1865 801 1940 juvenibus
818 1866 848 1924 in
862 1867 961 1930 forum

176 1943 401 2017 descendisset,
419 1944 618 2021 ‘redintegrata
632 1945 786 2023 extemplo
800 1957 843 2004 est
862 1955 960 2009 omni.

176 2025 230 2086 bus
251 2026 394 2085 memoria
417 2021 589 2084 faedissimae
614 2027 793 2105 potestatis,
816 2027 886 2086 clim
913 2027 963 2112 ip·'

176 2125 240 2166 aum
264 2105 465 2185 satellitesque
494 2109 557 2184 ejus
582 2105 734 2166 vidissent.
764 2106 842 2179 Turn
861 2107 962 2189 virgi.

175 2188 241 2247 nius
258 2232 267 2261 ,
294 2190 412 2261 Gratia,
434 2189 552 2266 inquit,
576 2193 656 2249 rebus
672 2186 763 2248 dubiis
778 2191 888 2247 inuenta
904 2204 962 2252 est.

174 2270 273 2346 Itaque
303 2291 390 2348 neque
420 2290 473 2347 ego
503 2273 669 2339 accusando,
691 2271 765 2348 apati
796 2291 841 2327 uos
869 2289 960 2344 eum,

177 2360 285 2424 tempus
310 2360 430 2418 taram,
468 2348 584 2425 deujus
607 2348 775 2409 crudelitate
799 2351 962 2426 vosmetipsi

175 2430 264 2486 armis
286 2429 477 2485 vindicastis:
501 2448 549 2485 uec
571 2430 656 2486 istum
677 2431 715 2487 ad
738 2440 830 2503 cetera
850 2425 978 2493 scelera·

176 2509 376 2585 impudentiam
400 2509 428 2564 in
451 2509 621 2576 defendendo
649 2529 679 2566 se
705 2511 826 2589 adjicere
848 2509 957 2587 patiar.

176 2586 306 2647 Omnium
330 2591 420 2667 igitur
441 2586 518 2655 tibi,
548 2587 626 2666 Appi,
647 2585 768 2656 Claudi,
791 2608 852 2669 qua
873 2586 957 2666 impii

176 2671 336 2748 nefariique
353 2689 404 2745 per
418 2666 556 2738 biennium
568 2665 628 2725 alia
639 2689 722 2745 super
734 2667 792 2733 alia
809 2690 840 2726 es
853 2688 970 2739 catastas,¹

169 2751 297 2826 ,gratiam
311 2749 391 2816 facio
400 2767 411 2815 ;
432 2752 512 2808 anius
530 2749 636 2807 tuatim
653 2746 777 2815 criminis
795 2749 824 2799 ni
836 2748 959 2820 judicem
973 2748 1004 2829 ζ’

174 2832 271 2900 dicas,
296 2839 324 2886 te
344 2824 381 2883 ab
400 2823 532 2899 libertate
547 2831 575 2884 in
591 2830 749 2884 servitutem
767 2830 862 2876 contra
876 2824 981 2904 leges,

174 2910 309 2967 uindiciae
324 2927 377 2965 non
391 2907 522 2976 dedisse,
547 2908 576 2962 in
595 2900 702 2965 vincula
718 2911 745 2957 te
758 2899 822 2956 duci
830 2895 943 2973 jabea.'
998 2854 1004 3225 Ι

214 3015 394 3081 XXXlll.
437 3016 501 3074 Nec
530 3016 563 3072 in
586 3012 742 3087 tribunitio
766 3004 878 3069 auxilio
896 3014 961 3095 Ap.

20 3163 22 3172 ,
195 3102 268 3172 ius,¹
284 3117 339 3158 nec
363 3097 394 3154 in
417 3092 530 3172 judicio
551 3091 657 3173 populi
682 3090 770 3150 ullam
796 3093 960 3167 spem'ha.

113 3201 116 3208 ·
171 3121 262 3240 debat
284 3202 294 3251 3
320 3188 448 3240 attamen
480 3187 510 3234 et
545 3173 678 3232 tribunos
711 3172 894 3253 appellarim
918 3188 960 3236 -et

173 3258 259 3317 nullo
285 3270 441 3331 morante,
463 3265 597 3336 arreptus
622 3258 639 3314 a
663 3256 792 3323 viatore,
817 3255 957 3335 Provoca,
993 3264 1004 3285 '¹

174 3338 280 3419 inquit.
309 3337 418 3403 Audite
445 3356 503 3400 vox
529 3357 585 3399 una
613 3335 719 3404 vindex
748 3335 894 3402 libertatis
918 3355 958 3400 ex

997 3434 1004 3652 l
