2016 3780
230 197 501 268 Nannaato
547 190 737 262 XXXII.
788 154 872 263 '185

95 302 223 374 tollunt,
245 301 419 378 hostemque
439 299 471 356 in
494 296 593 356 ruinas
611 295 687 356 muri
701 292 875 374 expelluut3

94 384 163 443 inde
175 381 349 462 impeditum
361 378 613 460 trepidantemque
624 376 796 445 exturbant3
808 393 875 452 pos·

94 464 189 522 trema
206 462 301 522 iusum
314 460 498 537 fugatumque
515 459 546 516 in
561 468 654 516 castra
667 453 813 532 redigunt.

134 552 219 616 XVI.
242 551 411 612 Interim-ab
423 549 515 608 Roma
528 549 639 626 legatos
663 550 778 606 venisse
800 565 875 605 uun·
886 536 1004 642 pandat

94 634 204 693 cistam
221 643 277 694 eat.
298 631 414 710 Quibus
433 629 552 688 obuiam
573 628 607 688 ad
629 647 711 686 mare
733 628 815 685 missi
838 627 875 686 ab
887 608 981 708 ,355³

93 709 260 784 Annibale,
278 713 330 790 qui
346 709 498 782 dicerent;
520 729 574 769 nec
592 711 657 768 tuti>
676 726 726 766 eos
742 707 874 768 adituros
885 718 1005 785 nan-ea.

92 793 169 851 inter
191 803 235 851 tot
251 802 310 851 tam
326 789 531 850 effrenatarum
547 789 678 867 gentium
696 809 797 860 arma,
818 807 874 848 nec
887 787 970 828 mum·

92 872 256 942 Annibali,
276 881 356 931 tanto
367 871 540 931 discrimine
558 890 678 940 rerum,
698 873 756 949 (9)
773 888 874 945 operae

92 971 156 1012 esse
171 953 334 1029 legationes
346 950 456 1011 audire.
482 951 670 1030 Apparebat,
692 967 749 1007 non
766 948 875 1008 admis-

92 1050 140 1092 sos
152 1030 621 1112 protinuscarthaginem·ituros.
642 1030 770 1090 Litterae
781 1031 874 1106 igitur

91 1114 272 1190 nunciusque
284 1111 318 1171 ad
330 1111 480 1191 principes
492 1111 630 1171 factionis
641 1110 780 1171 Barcinae
798 1127 874 1190 prae-
924 1124 927 1129 '

91 1191 201 1263 mittit,
217 1203 247 1250 ut
260 1203 456 1272 prepararent
472 1210 590 1251 suorum
603 1192 734 1263 animos,
750 1187 874 1268 nequid

89 1291 157 1353 pars
170 1271 264 1332 altera
282 1269 444 1350 gratIficari
462 1291 517 1349 pro
527 1271 669 1331 Romanis
682 1283 791 1352 posset.

131 1362 229 1425 XVII.
272 1362 400 1442 Itaque,
428 1377 619 1445 praeterquam
645 1364 725 1447 qudd
748 1364 872 1424 admissi
900 1370 993 1442 [egere

89 1441 241 1520 auditIque
267 1452 358 1512 sunt,
382 1463 420 1502 ea
443 1461 560 1524 quoque
580 1464 655 1515 vana
676 1456 764 1523 atque
788 1445 872 1504 irrita
887 1437 957 1490 3⁰⁰¹·

89 1521 201 1600 legatio
220 1519 286 1580 tuit.
319 1520 422 1580 Hanno
443 1542 517 1582 unus
538 1523 659 1584 aduerso
680 1535 780 1584 senatu
803 1545 871 1583 cau‚
887 1497 992 1568 cm·

90 1622 152 1663 sam
168 1599 309 1674 foederis,
331 1620 438 1680 magna
461 1601 581 1662 silentio
605 1610 727 1684 propter
747 1573 965 1667 auctori-{iiim

90 1694 180 1742 tatem
196 1700 297 1753 suam,
317 1699 377 1739 non
396 1701 544 1742 assensum
567 1682 774 1754 audientium,
797 1685 868 1761 egit.
886 1674 988 1746 ΨΜ·

90 1764 147 1831 Rer
167 1767 233 1823 deos
247 1765 386 1834 foderum
412 1762 535 1826 arbitros
553 1787 586 1824 ac
602 1776 688 1825 testes
709 1769 846 1826 monuisse
861 1751 985 1842 ,2225

86 1847 255 1924 praedixisse
273 1863 324 1912 se,
345 1866 379 1903 ne
395 1845 546 1906 Amilcaris
558 1849 717 1927 progeniem
733 1850 771 1905 ad
781 1868 867 1906 exer·
881 1853 993 1923 franite·

88 1927 172 1984 citum
189 1927 342 1984 mitterent.
368 1925 429 1983 Non
450 1949 570 1999 manes,
591 1930 644 1987 no'n
667 1929 781 2006 stirpem
809 1929 867 2004 ejas
880 1929 939 1961 rem.

88 2008 277 2082 conquiescere
297 2005 349 2059 uiri
361 2026 372 2061 .·
389 2026 438 2063 nec
458 2020 601 2085 unquam,
620 2010 704 2064 donec
720 2009 869 2086 sanguinis

89 2084 260 2159 nominisque
282 2079 395 2140 Barcini
415 2085 561 2162 quisquam
584 2087 724 2162 supersit,
739 2091 868 2166 quietura

88 2161 216 2220 Romana
235 2163 354 2231 federa.
388 2159 517 2220 Juvenem
542 2161 715 2239 flagrantem
742 2167 870 2241 cupidine

73 2240 186 2319 fragat,
196 2242 322 2318 viamque
333 2259 417 2299 unam
426 2242 464 2299 ad
472 2243 501 2298 id
511 2253 666 2300 cernentem
677 2284 686 2311 ,
701 2244 726 2301 si
737 2264 777 2301 ex
788 2242 873 2301 bellis

87 2320 163 2382 bella
178 2323 292 2379 serendo
303 2322 459 2379 succinctus
469 2322 557 2379 armis
568 2319 777 2403 legionibusque
787 2326 872 2394 vivat,
891 2336 896 2344 ·

86 2401 163 2462 uelut
174 2400 323 2460 materiam
342 2399 404 2478 igni
412 2399 589 2480 prebentes,
608 2407 647 2462 ad
658 2405 800 2463 exercitus
814 2406 870 2463 mi·
949 2445 951 2451 ,

86 2485 177 2542 sistis.
200 2477 320 2539 Aiuistis
336 2501 403 2559 ergo
418 2480 467 2539 Iroc
480 2483 657 2554 incendium,
676 2504 729 2562 quo
740 2505 812 2543 nunc
824 2505 869 2542 ar·
897 2546 900 2553 ,

87 2563 170 2620 deti-r.
193 2560 353 2639 Saguntum
377 2564 463 2619 vestri
486 2564 682 2621 circumsident
702 2567 871 2637 exercitus,

87 2644 158 2699 unde
167 2643 412 2711 arcenturfadere
426 2662 438 2696 .·
450 2662 520 2698 mox
533 2639 734 2720 Carthaginem
750 2648 869 2704 circum·

85 2719 214 2780 sidebant
229 2719 358 2778 Romana
375 2718 522 2797 legiones,
545 2719 659 2780 dacibus
674 2725 771 2782 iisdem
789 2727 866 2800 diis,

82 2822 134 2882 per
148 2821 217 2880 quos
228 2803 321 2878 priore
333 2797 407 2858 delio
423 2811 504 2878 rupta
513 2805 621 2872 federa
634 2816 698 2863 sant
714 2803 776 2864 ulti.

124 2889 239 2956 XVIII.
266 2892 366 2952 Utrum
386 2890 512 2961 bostem,
529 2913 565 2951 an
582 2898 642 2964 v'os,
664 2916 699 2952 an
716 2898 865 2964 fortunam

86 2975 227 3052 utriusque
247 2970 345 3050 populi
365 2973 530 3049 ignoratis?
556 2972 684 3054 Legatos
707 2974 743 3032 ab
761 2979 866 3044 sociis,

86 3064 115 3110 et
128 3074 177 3130 pro
190 3055 273 3111 sociis
286 3055 443 3123 venientes,
462 3050 548 3111 bonus
568 3057 720 3132 imperator
735 3067 823 3111 vester
837 3058 866 3109 in

86 3143 178 3191 castra
199 3153 252 3190 non
273 3134 387 3189 admisit
414 3154 424 3187 .·
448 3131 497 3209 jus
517 3133 645 3212 gentium
668 3132 793 3190 sustulit.
826 3130 868 3188 Hi

86 3222 200 3281 tamen,
215 3214 287 3270 ande
301 3231 334 3269 ne
349 3208 469 3272 hostiurn
483 3215 594 3289 quidem
612 3210 703 3288 legati
716 3224 867 3283 arcentur,

120 3347 138 3404 9
154 3334 271 3404 (Opera
284 3337 363 3405 esse)
387 3335 482 3406 Operae
500 3337 612 3404 pretium
629 3354 684 3390 esse
693 3372 703 3402 ,
719 3352 819 3392 vacue.
