2016 3780
237 185 506 259 Nannnrro
554 186 695 258 Xull.
817 195 860 263 85

82 317 156 377 qne,
176 307 204 354 et
228 293 396 352 lineamento
415 293 558 372 corperis,
577 291 617 350 ilci
633 293 739 371 ingenii
751 296 860 369 fidei,

83 378 249 455 uirtutisque
279 371 461 451 exemplum,
496 390 660 450 expressam
681 378 719 431 ad
741 373 862 457 effigient

83 455 160 523 vobis
187 457 323 524 reddum,
343 464 376 511 ut
398 453 557 523 revixisse,
572 464 624 510 aar
652 464 781 513 renatum
805 453 860 515 sibi

27 596 41 605 ‚
86 538 202 615 quisque
214 535 368 611 Scipionem
391 534 586 613 imperatorem
610 534 697 591 dicat.

120 613 203 677 xvl
227 613 288 671 ttae
304 611 438 670 oratione
449 614 581 669 accensis
592 610 723 670 militum
735 612 862 685 animis,

79 691 186 752 relicto
212 692 247 752 ad
266 689 437 772 presidium
462 691 592 767 regionis
615 690 739 771 ejunii.
760 691 862 752 Salano

42 790 44 799 ·
76 792 144 834 curn
158 772 252 832 tribus
266 770 400 830 millibus
411 770 564 850 peditum,
581 781 611 830 et
627 772 767 832 trecentis
776 774 862 851 equi·

76 853 175 926 tibus,
195 864 310 912 ceteras
332 869 435 910 ornnes
458 851 562 929 copias
579 854 593 928 (
603 863 687 911 erant
703 862 804 910 autem
816 854 861 912 ri·

77 934 153 1011 giuti
175 930 420 1014 quinquemillia
444 931 598 1010 peditum,
625 930 684 991 duo
706 931 801 991 millia
828 942 860 991 et

29 1058 38 1069 .
77 1014 234 1092 quingenti
246 1011 360 1090 equites
373 1016 386 1085 )
405 1010 529 1070 iberum'
542 1013 670 1091 trajecit.
683 1011 725 1071 lbi
742 1014 860 1089 quibus·

54 1093 143 1154 ,dam
161 1087 350 1151 suadentibus
374 1133 383 1158 ‚
406 1100 462 1161 ut,
482 1093 620 1169 quoniam
648 1092 680 1147 in
711 1103 770 1149 tres
799 1103 861 1152 tam

75 1172 206 1230 diversas
221 1171 355 1248 regiones
366 1169 567 1230 discessissent
578 1170 681 1230 Punici
694 1174 862 1246 exereitus,

77 1253 246 1333 proximum
264 1249 664 1328 aggrederetur,pericnlum
681 1263 860 1322 essecutus,

77 1335 123 1394 ne,
141 1350 177 1389 eo
194 1330 271 1390 facto
295 1336 325 1386 in
342 1348 433 1387 onum
457 1346 557 1388 omines
578 1331 788 1402 contraheret,
804 1350 860 1391 nec
897 1391 903 1401 ,

100 1429 133 1470 ar
156 1423 234 1470 esset
252 1428 325 1468 unus
349 1419 392 1469 tot
410 1411 593 1470 exercitibus
615 1453 625 1480 ‚
644 1410 859 1488 Carthaginem

111 1508 195 1548 ovam
221 1489 344 1548 interim
357 1506 526 1570 oppugnare
539 1492 640 1547 statuit
653 1510 660 1547 :
675 1491 776 1548 urbem
791 1511 861 1551 cum

76 1570 174 1650 ipsam
203 1571 373 1650 opulentam
395 1573 455 1625 suis
484 1569 694 1647 opibus‚tum
729 1570 860 1629 hostium

75 1652 158 1709 omni
182 1649 293 1708 bellico
308 1659 446 1728 apparatu
468 1647 588 1728 plenam
601 1691 610 1716 ‚
622 1652 634 1721 (
648 1648 690 1706 ibi
704 1668 799 1722 anna,
815 1649 861 1710 ibi

74 1732 222 1810 pecunia,
237 1729 279 1788 ibi
298 1732 388 1788 totius
405 1728 553 1808 Hispania
569 1726 685 1788 obsides
699 1732 804 1802 erant)
818 1731 861 1788 si·

73 1821 132 1869 tam
148 1812 289 1901 praterea
317 1828 384 1868 cum
408 1809 574 1888 opportuni
590 1806 626 1866 ad
650 1808 860 1889 trajiciendum

74 1890 104 1948 in
129 1891 279 1962 Africam,
297 1901 359 1962 tum
381 1908 471 1968 super
492 1900 611 1967 portum
632 1892 705 1948 satis
725 1888 857 1967 amplum

76 1973 230 2044 quantavis
245 1970 331 2028 classi
344 2013 353 2040 ,
365 1980 394 2026 et
407 1970 509 2025 nescio
520 1988 556 2026 an
570 1971 697 2026 miamin
709 1970 860 2046 Hispania

56 2044 148 2118 'ora⁹
170 2050 225 2127 qul
248 2060 348 2106 nostro
366 2045 481 2124 adjacet
506 2047 589 2104 mari.
614 2048 710 2105 Nemo
724 2049 859 2107 omnium

74 2129 134 2206 qu'o
148 2129 240 2187 iretur
253 2127 366 2185 sciebat
379 2169 387 2194 ‚
400 2134 509 2205 praeter
518 2125 554 2183 C.
571 2123 710 2184 Laelium.
727 2123 753 2184 ls
766 2125 860 2186 classe

73 2208 307 2278 circummissus,
323 2207 362 2262 nt
376 2202 524 2262 moderari
541 2221 658 2262 cursum
670 2207 791 2263 navium
802 2207 861 2283 lus·

75 2305 125 2348 sus
139 2298 203 2347 erat
215 2330 224 2359 ‚
237 2297 267 2344 ut
284 2284 388 2344 eodem
406 2295 541 2363 tempore
560 2283 708 2352 exercitus
725 2282 861 2344 ostende·

76 2379 177 2436 retur,
193 2377 223 2425 et
245 2365 348 2433 classis
371 2375 490 2441 portem
511 2365 645 2424 intraret.
664 2365 796 2444 Septimo
810 2363 861 2424 die

60 2470 64 2477 ’
78 2447 116 2506 ab
137 2447 222 2506 lbero
238 2445 446 2523 Carthaginem
460 2457 578 2505 uentum
593 2457 637 2503 est
653 2489 661 2517 ‚
678 2445 768 2504 simul
781 2444 859 2504 terra

76 2530 220 2604 marique.
239 2527 339 2585 Castra
355 2526 390 2587 ab
402 2527 522 2602 regione
535 2525 616 2583 urbis
629 2569 637 2595 ,
649 2526 707 2604 qui
729 2527 760 2583 in
783 2525 857 2604 Sep-

77 2609 255 2664 tentrionem
271 2616 429 2674 sanasset,
443 2606 537 2685 posita
551 2602 614 2662 :liis
623 2605 658 2662 ab
669 2610 776 2683 tergo(
789 2625 859 2668 nam

74 2684 156 2746 frons
172 2687 275 2744 natural
294 2696 353 2744 tuta
369 2696 429 2742 erat
449 2746 456 2758 ¹
476 2683 584 2744 vallum
601 2685 757 2766 objectum.

47 2819 54 2830 ,
113 2765 212 2828 XVlL
236 2765 363 2835 Cetera,
388 2783 452 2842 que
475 2763 630 2824 munienda
657 2776 764 2838 erant,
785 2765 856 2827 crlm

73 2845 270 2926 perfecisset,
292 2863 378 2903 naves
394 2845 482 2904 etiam
498 2847 528 2903 in
547 2856 655 2924 pontu,
673 2847 752 2904 velut
763 2849 854 2904 mari-

72 2927 173 2986 timam
183 2944 300 3004 quoque
316 2936 462 2984 ostentans
474 2927 680 2997 obsidionem,
696 2929 852 2985 instruxit:

71 3009 343 3082 circumvectusque
359 3007 480 3066 classem
492 3051 500 3077 ‚
512 3005 580 3066 cum
603 3006 765 3064 monuisset
777 3024 854 3084 pra-

72 3084 167 3148 foctos
192 3088 332 3157 naviuin,
353 3098 385 3144 ut
409 3087 525 3164 vigi-lias
558 3098 715 3144 nocturnas
746 3085 855 3143 intenti

70 3176 239 3234 servarent,
267 3169 359 3227 omnia
380 3165 480 3247 ubique
507 3167 597 3246 primi
625 3165 774 3225 obsessum·
790 3162 854 3222 ireo-

70 3253 127 3335 tem
148 3250 261 3317 coaori;
281 3264 433 3324 regressus
452 3248 484 3305 in
496 3257 611 3317 castre,
627 3243 705 3303 terri
721 3243 854 3321 marique

68 3326 354 3408 urbemoppugnari
375 3327 468 3405 iubet»
