2016 3780
230 191 512 266 Nnnnnrro
551 189 668 263 LVI.
777 196 843 284 187

56 297 225 361 stimulabat
237 299 464 376 Carthaginem:
479 309 577 358 tamen
592 298 678 371 cirrn,
694 307 725 357 et
735 307 843 377 quante

58 399 106 440 rea
121 390 219 450 esset,
245 390 276 438 et
291 378 378 456 quim
395 379 476 458 longi
491 380 636 457 temporis
651 377 767 440 obsidio
783 389 843 436 tem

59 461 180 520 mnnitae
192 470 222 518 et
235 458 338 519 vatidus
351 460 433 520 urbis
446 503 456 533 ,
478 469 671 540 reputarent,
694 470 722 516 et
745 461 844 537 ipsum

57 537 229 620 Scipionem
245 541 429 618 exspectatio
443 541 641 613 successoris,
669 539 784 597 venturi
805 535 843 596 ed

58 630 194 759 paratam
215 620 336 680 alterius
357 618 458 680 labore
474 639 508 681 ec
524 620 661 701 periculo
677 617 754 678 finiti
770 615 844 677 belli

71 720 166 759 emam
180 744 189 773 ,
204 699 403 775 sollicitaret,
425 698 460 762 ad
477 719 584 783 pacem
598 701 731 761 omniurn
751 697 844 760 enimi

56 781 135 842 versi
155 790 232 842 sunt.

98 905 143 968 tt.
168 907 291 968 Postero
314 903 384 980 die,
407 906 556 972 revocetis
579 907 705 986 legetis,
726 916 756 966 et
777 925 845 971 cum
869 895 975 969 βοῶ·

11 1025 14 1030 ·
57 988 152 1049 multi
165 987 358 1062 castigatione
373 985 503 1068 perfidie
518 987 661 1061 monitis,
678 999 709 1048 ut
724 999 767 1048 tot
782 991 845 1049 cle·
855 970 961 1079 {¹222ss

60 1067 148 1129 dibus
164 1065 281 1139 edocti,
304 1065 419 1126 tandem
433 1067 504 1126 deos
520 1080 549 1127 et
564 1067 765 1147 jusjurandum
780 1089 845 1129 esse
857 1075 973 1147 Scipione

59 1147 236 1217 crederent,
264 1144 452 1207 conditiones
472 1149 555 1229 pacis
569 1148 681 1209 dictae:
704 1149 744 1216 Ut
764 1150 846 1211 liberi
857 1140 948 1198 ‘ime

61 1228 171 1309 iegibus
186 1230 244 1286 suis
259 1229 387 1289 viverent.
414 1230 472 1304 (1)
500 1229 579 1308 Quas
602 1227 704 1300 urbes,
724 1226 852 1313 quasque

59 1329 166 1392 agros,
187 1305 340 1390 quibusque
350 1305 457 1384 finibus
471 1311 535 1367 ante
550 1308 655 1370 bellurn
672 1311 847 1387 tenuissent,

60 1393 212 1460 tenerent,
239 1386 448 1469 populandique
465 1386 555 1463 finem
583 1411 615 1449 eo
640 1391 685 1449 die
706 1392 848 1452 Romanus

56 1472 178 1543 fuceret.
200 1467 344 1548 Perjugas
352 1468 562 1548 fugitiuosque,
575 1480 604 1528 et
618 1470 741 1549 captivos
753 1491 849 1534 omnes

62 1552 210 1611 redderent
228 1548 388 1620 Romanis,
408 1559 436 1609 et
459 1569 542 1609 nores
561 1561 721 1622 rostratas,
743 1563 865 1632 prater·

61 1633 156 1691 decem
170 1630 318 1701 triremes,
339 1631 503 1700 truderent,
520 1629 757 1710 elephantosque,
798 1651 848 1691 uos
907 1670 910 1677 ,

30 1780 33 1784 Δ
61 1708 196 1772 baberent
209 1711 329 1770 domitas
341 1729 352 1766 :
369 1730 456 1790 neque
469 1713 616 1771 domarent
630 1710 711 1771 aiios.
731 1653 849 1773 Reddam

62 1813 128 1853 neve
144 1792 173 1851 in
186 1788 306 1865 Africd,
324 1810 390 1850 nere
405 1790 492 1850 extrd
508 1793 658 1866 Africam,
678 1792 783 1873 injussu
797 1813 850 1874 pa·

60 1871 122 1953 puli
140 1872 260 1935 Romani
273 1881 413 1952 gererent.
436 1870 602 1932 Masinissae
618 1895 663 1934 res
679 1875 852 1946 redderent,

56 1955 205 2033 soedusque
220 1974 280 2013 curn
294 1973 326 2010 ea
335 1956 478 2022 fecerent.
510 1950 689 2013 Frumentum
706 1995 716 2026 ,
741 1954 853 2031 stipen-

62 2033 194 2111 diumque
214 2029 358 2105 «auxiliis,
381 2034 467 2088 donec
482 2027 519 2084 ub
535 2032 622 2088 Romd
643 2030 736 2112 iegati
751 2034 852 2091 rediis-

64 2123 150 2183 sent,
169 2120 346 2189 prostarent.
371 2109 432 2184 (2)
459 2103 567 2166 Decem
591 2106 685 2167 miliia
713 2111 852 2172 tulentrim

64 2193 179 2271 urgenti
195 2190 253 2266 (3)
275 2189 414 2264 descripta
430 2185 608 2268 pensionibus
622 2190 707 2267 cquis
722 2191 749 2248 in
764 2211 852 2251 annos

63 2274 269 2355 quinquaginta
283 2266 430 2330 sutorem.
454 2269 573 2330 Obsides
588 2279 699 2328 centurn
709 2270 852 2330 arbitratu

66 2357 204 2440 Scipionis
216 2358 317 2412 darent
328 2371 339 2408 ,⁴
352 2347 386 2410 ab
400 2353 522 2411 minares
532 2353 741 2431 quatuordecim
753 2353 851 2424 annis,

64 2465 116 2502 neu
134 2437 255 2514 triginta
270 2433 399 2512 maiores.
424 2430 554 2492 inducias
577 2431 619 2491 itd
643 2451 673 2489 se
695 2434 854 2505 daturum,
907 2446 911 2455 '

66 2524 161 2600 siper
181 2516 287 2596 priores
315 2514 442 2572 inducias
462 2535 546 2572 nares
571 2512 706 2572 onerariae
735 2522 853 2591 coptu,

65 2619 177 2681 queque
182 2596 307 2669 fuissent
318 2596 345 2651 in
357 2592 492 2663 naribus,
512 2596 735 2652 restituerentur.
758 2591 853 2653 Aliter

65 2700 116 2739 nec
133 2678 281 2746 inducias,
299 2694 349 2733 nec
361 2693 437 2754 spem
449 2676 529 2753 pacis
541 2672 631 2732 uilurn
646 2694 717 2732 esse.

106 2805 167 2868 ΙΙΙ.
190 2803 249 2863 Has
269 2799 455 2862 conditiones
473 2799 565 2880 legati
584 2799 653 2860 edm
672 2798 791 2861 domum
804 2819 853 2859 re-

65 2880 143 2948 ferre
162 2886 237 2967 jussi
254 2884 286 2944 in
302 2883 445 2945 concione
473 2882 616 2957 ederent,
641 2891 672 2942 et
693 2881 792 2959 Gisgo
812 2877 854 2943 ad

103 3097 114 3130 ι
136 3078 233 3151 (Quas
249 3077 345 3139 urbes,
358 3097 441 3147 quos·
475 3073 593 3141 tentum)
606 3075 710 3125 Merces
720 3085 853 3128 nostrates

67 3145 441 3216 queagr·os)1ntellige,in
475 3145 574 3207 argenti
585 3141 706 3219 937590.
781 3205 787 3218 ι
828 3206 836 3220 ·

66 3213 172 3270 Africa,
187 3224 216 3261 ut
225 3212 319 3262 disertis
332 3212 442 3264 habetur
509 3211 524 3258 ὃ
540 3211 550 3272 (
564 3207 729 3287 Descripta)
752 3206 852 3256 Drstn·

67 3282 137 3347 apud
152 3278 300 3344 Polybium.
475 3274 536 3325 bute
550 3291 596 3339 per
610 3289 751 3340 pensiones
763 3288 853 3340 aequus

101 3365 118 3401 a
142 3347 268 3416 (Decem
286 3343 380 3401 miliia
401 3355 442 3397 ta·
475 3343 505 3395 in
519 3356 604 3395 annor
616 3339 817 3413 qninquaginta.
959 3356 968 3383 ι

906 3502 936 3538 A
