2016 3780
212 178 504 251 Nunnsslo
551 173 701 245 XVII.
805 198 847 263 77

63 309 102 350 eo
118 289 208 347 missa
227 305 303 352 oro,
325 303 383 361 quo
403 281 536 341 vindicio
549 300 644 360 nuper
659 279 697 338 ab
714 277 850 337 libertate

63 375 151 429 ‹lictae
171 377 280 436 erant,
302 364 450 421 silentium
472 362 552 420 fecit.
581 362 640 430 Et,
660 356 731 418 dium
745 378 799 437 pro
818 378 850 416 so

65 451 209 526 quisque,
225 445 325 515 Deos,
346 448 459 503 tandem
481 464 564 512 esse,
588 453 617 500 et
635 462 689 499 non
703 437 850 517 negligere

65 531 189 588 lrumona
204 524 349 595 fremunt,
369 536 398 583 et
409 521 543 602 superbia
557 519 783 602 crudelitatique,
796 521 851 578 etei

66 628 162 679 seras,
179 629 232 664 non
254 605 327 663 leues
346 615 439 661 tamen
458 604 549 662 venire
568 622 662 680 panas
674 623 685 658 :
699 620 849 679 prouocare

65 689 115 768 qui
129 688 349 765 provocationem
366 680 545 752 sustulisset;
566 693 595 740 et
609 682 759 759 implorare
774 702 850 758 pra·

63 770 165 826 sidium
184 763 299 846 populi,
321 767 369 843 qui
390 765 482 820 omnia
501 764 567 842 jura
581 759 680 840 populi
695 760 825 818 obtrisset
835 783 847 833 ,-

63 849 179 926 rapique
204 849 232 904 in
251 844 361 902 uincula
386 855 513 921 egentem
532 842 598 922 jure
619 838 780 914 libertatis,
799 838 850 919 qul

63 925 181 985 liberum
195 946 294 1004 eorpus
312 925 339 980 in
362 927 523 982 seruitutem
546 923 707 981 addixisset
715 943 726 992 ,·
752 919 848 1000 ipsius

63 1005 157 1085 Appii
180 1007 258 1061 inter
288 1003 440 1061 concionis
470 1021 604 1060 murmur
627 999 714 1059 fidem
744 1000 849 1081 populi

63 1083 191 1144 Romani
213 1078 401 1163 implorantis
417 1101 474 1142 vox
495 1079 680 1142 audiebatur.

69 1210 73 1217 ·
105 1175 279 1238 XXXIV.
296 1174 443 1254 Majorum
458 1176 563 1232 merita
580 1175 612 1232 in
631 1171 848 1252 rempublicam

65 1254 146 1314 domi
165 1255 338 1335 militiaque
352 1256 615 1315 commemorabat.
636 1253 721 1313 Suum
743 1255 849 1324 infelix

67 1357 136 1416 erga
151 1335 259 1414 plebem
277 1341 430 1403 itomanam
447 1341 591 1404 studium,
613 1337 685 1415 quid
698 1339 848 1414 aquando-

68 1436 128 1472 rum
145 1415 238 1490 legum
251 1414 333 1472 cousi
349 1436 410 1473 cum
425 1419 552 1474 maxima
566 1414 715 1490 offensione
730 1416 848 1472 Patrum

67 1494 212 1555 consulatu
234 1491 341 1549 abisset
368 1514 378 1548 :
402 1513 467 1550 suas
490 1494 592 1579 leges,
613 1492 711 1572 quibus
732 1515 848 1551 manen·

66 1573 142 1638 tibus
164 1571 239 1649 lotor
258 1591 354 1630 earum
377 1572 406 1628 in
432 1573 541 1629 vincula
561 1576 688 1630 duratur.
722 1569 849 1631 Ceterirn

64 1675 117 1715 eoa
136 1654 249 1732 propria
273 1650 343 1709 bona
367 1649 520 1733 malaque,
541 1654 599 1710 crim
618 1672 709 1709 causa
729 1653 849 1711 dicenda

64 1737 134 1792 data
147 1732 274 1800 facultas
283 1733 341 1801 sit,
360 1743 418 1789 turn
432 1755 462 1791 se
474 1744 666 1812 experturum.
686 1730 717 1788 In
729 1753 851 1810 prason.

64 1816 106 1873 tia
127 1835 158 1872 se
178 1812 315 1872 communi
328 1813 392 1890 jure
403 1815 526 1872 civitatis
536 1815 621 1871 civem
634 1813 790 1870 Romanam
801 1817 847 1873 die

61 1893 138 1955 dicia
148 1893 310 1973 postulare,
333 1904 364 1949 ut
379 1895 470 1954 dicere
483 1892 586 1966 liceat,
605 1906 636 1952 ut
643 1893 779 1973 judicium
793 1914 846 1972 po·

60 1973 123 2052 puli
139 1975 255 2032 Romani
270 1975 419 2050 experiri;
438 1997 492 2032 non
511 1977 552 2032 ita
567 1996 597 2032 se
613 1976 745 2031 invidiam
757 1979 846 2051 perti·

64 2054 184 2123 muisse,
195 2065 224 2110 nt
235 2049 306 2110 nilril
320 2053 347 2109 in
359 2057 489 2131 equitate
503 2065 532 2111 et
545 2054 735 2111 misericordiil
747 2055 846 2112 ciuium

64 2150 176 2191 enorum
192 2134 251 2208 spei
266 2129 378 2188 lrabeat.
403 2131 519 2208 Quodsi
533 2132 638 2191 indicta
653 2131 736 2190 causei
747 2134 775 2190 in
786 2136 847 2191 oin·

64 2209 128 2268 cula
145 2213 279 2278 ducatur,
294 2209 393 2266 iterim
404 2230 433 2267 se
444 2209 571 2270 tribunae
579 2209 670 2288 plebis
682 2210 826 2288 appellare
838 2256 847 2284 ‚
865 2201 868 2209 ¹

63 2301 93 2372 et
112 2310 225 2360 monere
244 2309 279 2347 ne
304 2287 450 2347 imitentur
475 2311 545 2370 quos
570 2292 686 2349 oderint.
721 2291 801 2370 Quid
820 2295 848 2352 si

63 2367 167 2428 tribuni
173 2364 278 2428 'eodem
292 2371 400 2439 sedere
419 2368 562 2449 obligatos
577 2392 607 2429 se
616 2373 769 2441 fateantur
789 2372 847 2432 tol-

62 2447 152 2519 lenda
175 2447 376 2528 appellationis
399 2451 504 2524 consil,
525 2455 553 2510 in
565 2471 657 2531 auam
673 2455 846 2530 conspirasse

61 2528 242 2590 Decemviros
256 2529 397 2587 criminati
415 2534 494 2602 sint,
512 2530 572 2601 ait,
593 2552 622 2590 se
640 2553 787 2612 provocare
806 2540 844 2595 ad

57 2607 193 2690 papulam
215 2629 226 2665 :
253 2606 404 2688 implorare
431 2609 509 2688 leges
535 2615 570 2672 de
590 2615 798 2689 provocatione,
815 2628 845 2675 et

59 2686 245 2758 consulares,
271 2700 301 2748 et
318 2687 502 2764 tribunitiae,
525 2713 555 2753 eo
579 2693 639 2773 ipsa
662 2716 733 2753 anno
754 2693 842 2757 latas.

61 2769 151 2850 Quem
184 2770 259 2828 enim
286 2781 520 2849 provocaturum,
542 2773 580 2834 'sl
606 2773 655 2833 luoc
682 2777 842 2836 indemnato

57 2848 164 2909 indicti
182 2847 279 2919 carloil
293 2870 348 2908 non
371 2847 478 2913 liceatl
498 2849 552 2911 Cui
566 2853 675 2932 plebeio
696 2867 724 2914 et
741 2854 844 2915 lmmili

54 2930 217 3011 presidium
250 2930 280 2988 in
314 2927 425 3008 legibus
450 2937 539 3004 fare,
575 2937 602 2993 si
632 2933 685 3013 Ap.
720 2932 842 2996 Claudio

57 3033 111 3069 non
135 3013 198 3070 sitl
228 3007 265 3071 Se
285 3013 448 3075 documento
467 3016 620 3085 futurum,
644 3017 734 3073 utrum
764 3021 841 3074 novis

58 3084 169 3173 legibus
187 3091 365 3165 dominatio,
386 3114 424 3149 an
445 3091 561 3153 aberras
575 3095 699 3160 formata
726 3097 765 3153 sit
776 3116 787 3164 ,¹
812 3107 841 3154 et

58 3170 215 3249 appellatio
232 3174 442 3252 provocatioque
464 3175 592 3231 adversis
620 3175 750 3238 iniurium
779 3194 842 3230 mn-

56 3251 227 3334 gistrataum
240 3263 382 3313 ostentata
395 3255 501 3316 tuatim
521 3249 648 3312 inanr'lus
660 3250 783 3324 litteris,
802 3273 840 3312 an

55 3323 121 3404 perc*
139 3332 206 3393 duta
228 3335 276 3395 sit.
389 3338 392 3343 '
652 3406 725 3471 Μ
