2016 3780
173 237 216 309 tn
277 240 282 249 “
410 219 532 291 Trrr
578 219 719 288 L1n11

172 328 246 386 deos
263 337 382 402 possent
394 324 520 405 placare.
536 325 656 384 Interim
668 343 705 380 ex
723 317 859 381 fatalibus
869 318 954 382 libris

172 405 314 466 sacrificia
326 405 438 483 aliquot
450 401 684 463 extraordinarie
696 401 768 460 facte
783 446 790 472 ‚
802 401 880 458 inter
891 421 954 479 quae

170 486 279 546 Gallus
296 497 324 543 et
346 484 432 544 Galla
454 483 609 555 ,Graecus
638 491 668 539 et
694 481 796 541 Graeca
814 523 823 552 ‚
839 481 870 538 in
888 480 955 540 loro

167 564 283 625 Boario
307 563 458 623 subterra
487 563 547 624 vivi
567 561 687 620 demissi
714 572 781 619 sunt
800 561 832 617 in
855 561 956 621 locum

171 663 241 704 saxo
262 655 456 721 conseptum,
474 640 541 718 (34)
558 644 616 722 jam
634 641 701 700 ante
724 637 831 701 hostiis
848 640 956 703 huma·

170 724 241 796 nis,
263 724 387 782 minime
410 722 542 782 Romano
560 740 659 792 sacro,
675 722 831 779 imbutum.

212 802 383 864 L.'Plecatis
394 802 466 862 setis
478 844 488 874 ‚
500 812 531 863 ut
541 803 682 861 rebantur
695 799 791 873 ‚diis‚
806 799 849 860 M.
863 799 955 860 Clau·

170 879 237 941 dius
262 882 419 943 Marcellus
438 879 472 941 ad
496 880 583 942 Ostia
612 877 695 939 mille
722 891 752 938 et
778 880 955 958 quingentos

170 962 301 1037 milites,
320 981 394 1042 quos
408 963 439 1020 in
453 958 577 1021 classem
593 961 720 1038 scriptos
735 959 879 1033 habebat,
895 961 956 1020 Ro-

166 1056 268 1116 rpem,
291 1053 323 1102 ut
347 1042 411 1101 urbi
435 1041 573 1121 presidio
602 1050 731 1110 essent,
757 1040 850 1100 mittit
867 1061 873 1098 :
889 1042 955 1117 ipse

168 1118 291 1200 legione
303 1121 406 1182 classis
422 1127 478 1199 (ee
494 1120 671 1197 tertialegio
683 1121 768 1193 erat)
784 1139 850 1180 cum
862 1120 956 1179 tribu-

167 1202 219 1260 ‘nis
231 1200 361 1260 militum
369 1200 678 1262 TeanumSidicinum
692 1199 954 1279 praemissi,clesse

167 1279 322 1340 'traditiR
342 1280 434 1341 Furio
447 1279 532 1340 Philo
541 1278 801 1360 collegae‚paucor
813 1291 880 1362 post
890 1280 955 1342 dies

172 1360 334 1441 Cen'r'rsium
352 1361 466 1440 magnis
480 1360 638 1422 itineribus
653 1359 812 1420 contendit.
944 1363 949 1375 '

210 1440 261 1500 Ll.
271 1439 417 1501 'Dictator
427 1461 464 1500 ex
482 1441 659 1501 auctoritate
673 1440 790 1500 Petrum
802 1440 899 1501 dictus
909 1437 954 1500 M.

168 1517 279 1581 Junius
302 1531 333 1580 et
355 1520 403 1582 Ti.
430 1521 622 1601 Sempronius
642 1521 787 1597 magister
801 1523 954 1600 equitum,

171 1600 289 1661 delectu
312 1600 415 1674 edito,
443 1601 574 1677 juniores
589 1602 630 1665 eb,
643 1602 725 1661 annis
742 1599 956 1681 septemdecim

167 1679 238 1756 ’(35)
254 1692 282 1739 et
303 1681 442 1759 quosdam
458 1690 649 1760 praetextatos
663 1682 805 1741 scribunt.
820 1684 955 1761 Quetuor

169 1761 206 1819 'ex
224 1759 270 1819 his
286 1756 419 1837 legiones
433 1803 442 1832 ,
456 1770 488 1817 et
507 1759 590 1819 mille
611 1762 728 1839 equites
739 1760 860 1827 effecti.
879 1760 956 1823 Item

168 1837 205 1896 etl
222 1838 320 1899 socios
333 1840 529 1918 Latinumque
544 1856 651 1899 nomen
665 1839 701 1899 'ed
710 1839 824 1902 milites
838 1840 904 1917 (30)
918 1859 956 1900 ex

170 1914 296 1999 fonnulq
316 1918 506 1997 accipiendos
523 1919 656 1978 mittunt.
672 1919 761 1981 Arme
777 1965 785 1993 ‚
802 1920 882 1994 tela,
899 1919 957 1982 alia

65 2048 70 2057 .
170 1994 268 2138 'pareri
280 1998 405 2078 jubenti
429 2010 580 2092 erlvetera
600 1999 843 2081 hostium'spolia
864 2001 959 2061 detra·

40 2134 134 2244 affl
195 2080 682 2221 uilllenlilldlillliilldlldliilru’irovi
696 2157 834 2221 ¹delectdn
853 2160 959 2241 inopia

38 2267 160 2305 saranum
173 2235 332 2298 liberorum
360 2241 494 2322 capitum
524 2256 558 2299 ec
580 2239 739 2301 necessitas
764 2238 867 2299 dedit:
887 2240 959 2298 octo

40 2325 137 2365 ‘'⁶¹⁶¹’‘
173 2317 268 2379 millia
288 2320 426 2399 juvenum
450 2317 613 2376 validorum
635 2339 673 2376 ex
693 2319 851 2379 servitiis.
873 2318 960 2396 priris

39 2379 85 2419 ω’·
172 2397 240 2489 ν(37)
259 2398 444 2459 sciscitantes
460 2395 777 2489 singutomettemne
802 2396 960 2476 militare,-

169 2497 543 2565 cartennaestcsdtnntus,
577 2498 680 2551 timum.
718 2546 725 2551 .

168 2568 227 2623 Cat.
251 2586 275 2621 c.
296 2585 322 2635 9.
346 2569 379 2619 In
398 2564 545 2648 suppliciis
612 2565 725 2631 some
727 2561 875 2634 formula)
895 2566 959 2634 Qud

166 2634 279 2687 tleorum
302 2633 459 2706 nragniſscr.
579 2632 739 2700 descriptum
749 2646 815 2698 erar,
827 2647 956 2702 quantum

207 2702 240 2763 54
257 2700 342 2764 (Iam
359 2701 445 2763 antri)
464 2699 546 2751 Anno
578 2715 717 2752 numerum
725 2700 957 2769 militumquteque

166 2776 227 2825 ante
250 2764 323 2816 hunc
347 2764 489 2816 undecimo
511 2767 544 2819 sd
578 2767 955 2821 ciritesLatininominisdars

166 2830 237 2883 idem
252 2831 337 2882 scelus
358 2846 440 2897 prava
451 2830 545 2902 religio
577 2832 679 2899 populo
692 2833 814 2884 Romano
829 2834 942 2886 deberet.
993 2856 997 2861 ·

166 2896 305 2948 Romanos
317 2896 466 2963 impulerat.
595 2898 645 2962 37(
658 2897 842 2950 Sciscitantes
856 2901 956 2972 singu·

199 2963 235 3021 35,
249 2964 308 3028 (Et
321 2962 453 3032 quosdam
470 2980 544 3030 proe-
576 2962 636 3027 tos‘,
647 2961 749 3014 vellent
762 2982 796 3014 ne
806 2964 951 3033 militare)

166 3030 315 3092 tentatos)
347 3028 401 3098 Qui
423 3027 543 3080 nondum
576 3026 605 3079 ld
626 3026 747 3080 observat
765 3028 858 3082 Livius
870 3070 877 3097 ,
891 3034 955 3100 quia

164 3108 319 3169 preteritum
346 3096 520 3163 deposuerant
532 3137 540 3166 ‚
574 3109 630 3146 nun
655 3092 703 3146 illo
726 3097 806 3149 ruodo
830 3098 957 3165 agebatur

164 3164 300 3219 utviriiem
308 3175 394 3233 togam
400 3174 540 3215 sumerent.
574 3177 638 3214 cum
647 3161 767 3224 civibus,
781 3163 894 3233 quinon
908 3167 955 3215 in.

164 3231 243 3283 Pueri
256 3230 365 3299 ingenui
387 3242 550 3296 proetexrnm·
573 3231 769 3298 terrogebantur
818 3228 958 3285 vellentne

97 3342 100 3349 .
165 3306 252 3365 togam
264 3298 424 3416 qerebanted
440 3312 540 3349 aunum
573 3297 700 3358 militate,
710 3297 756 3351 sed
771 3293 888 3348 cinnat
900 3313 953 3350 no-

88 3436 91 3441 ,
163 3367 249 3419 utana
279 3366 539 3432 ert-decimumq-
573 3362 953 3433 minereeponderedebebaut.
