2016 3780
219 226 506 299 Nannauro
560 188 686 293 LVI.
783 195 846 312 193

100 333 185 398 XVI.
215 334 289 394 Pace
317 331 394 392 terri
421 331 554 408 marique
575 327 688 410 parti,
712 327 846 386 exercitu
893 331 977 395 Scipio

59 415 96 484 in,
108 433 198 475 naves
213 413 376 496 imposito,
402 409 433 469 in
452 411 588 470 Siciliam
606 408 772 488 Lilybaeum
789 416 847 465 tra·
859 395 963 500 {⁰2:2²2}

59 496 142 574 jecit,
178 495 249 555 Inde
275 495 381 572 magnai
408 503 492 571 parte
520 490 647 550 militum
673 492 704 547 in
725 473 942 561 navibuerJum,
967 487 977 514 '

59 575 169 646 missi,
191 576 324 656 ipseper
345 575 442 634 laetam
459 590 532 651 pace
554 589 613 629 non
636 567 734 628 miuhs
780 569 848 628 uim
860 576 948 638 prat„

10 722 18 739 ι
60 655 208 729 victorii,
229 654 362 727 ltaliam,
386 651 488 712 effusis
502 671 560 710 non
574 649 697 710 urbibus
710 589 800 708 mola
814 647 849 708 ad
881 656 883 661 ⁴
934 724 936 732 Ι

59 734 210 796 habendos
225 735 351 795 honores
368 778 377 806 ‚
401 732 451 793 sed
467 731 629 810 agrestium
646 731 736 791 etiam
762 729 850 790 turba

10 816 13 829 '
60 815 216 875 obsidente
231 816 314 888 vias,
337 814 460 874 Romam
481 812 618 891 pervenit
634 810 850 892 triumphoque

59 897 195 956 omnium
221 896 388 956 clarissimo
410 894 515 953 urbem
540 904 585 953 est
608 894 753 954 invectus.
787 893 849 974 (9)

60 978 185 1054 Argenti
210 976 278 1035 tulit
296 978 328 1035 in
348 976 490 1036 aerarium
506 973 604 1056 pondo
621 978 738 1035 centum
754 973 851 1032 millia

59 1057 257 1134 viginti'tria.
282 1055 433 1118 Militibus
453 1076 490 1114 ex
507 1054 610 1134 proeda
632 1060 700 1133 (to)
725 1053 852 1130 quadra·

60 1157 153 1215 genos
166 1139 237 1196 aeris
252 1136 362 1196 divisit.
390 1136 487 1196 Morte
503 1136 667 1195 subtractus
683 1134 852 1216 spectaculo
903 1176 909 1185 .

60 1219 158 1294 magis
180 1217 357 1291 hominum,
383 1215 470 1297 quim
486 1215 696 1296 triumphantis
718 1214 853 1293 glorias,

60 1298 183 1380 Syphax
207 1309 272 1371 est,
294 1299 407 1359 Tibure
427 1295 504 1355 hand
519 1297 560 1354 ita
577 1297 670 1356 multo
686 1299 753 1357 ante
771 1314 853 1373 mor-

62 1388 152 1450 tuus,
171 1380 229 1456 quo
246 1380 282 1438 ab
296 1380 371 1439 Alba
388 1376 538 1437 traductus
549 1375 653 1437 luerat.
672 1378 739 1451 (11)
759 1377 853 1437 Cous-

62 1469 151 1540 pecta
162 1477 242 1518 mors
255 1470 352 1517 tamen
364 1461 427 1537 ejus
441 1455 515 1528 fuit,
528 1460 598 1537 quia
610 1456 734 1536 publico
749 1453 853 1515 funere

63 1549 109 1598 est
132 1537 237 1598 elatus.
269 1539 353 1598 llunc
376 1558 478 1616 regem
499 1539 531 1595 in
554 1538 707 1619 triumpho
731 1535 853 1595 ductum

10 1652 14 1657 -
63 1616 222 1698 Polybius,
239 1617 462 1699 haudquaquam
474 1617 654 1697 spernendus
665 1630 784 1689 auctor,
798 1629 855 1675 tra·

10 1716 15 1721 ·
62 1697 119 1757 dit.
137 1699 260 1760 Secutus
283 1700 454 1780 Scipionem
474 1698 708 1778 triumphantem
722 1707 767 1757 est
783 1699 854 1773 (12)

17 1788 27 1851 ζ
63 1779 146 1860 pileo
178 1781 269 1860 capiti
294 1781 437 1861 imposito
467 1781 506 1857 Q.
532 1778 690 1839 Terentius
715 1778 851 1840 Culleo:

61 1861 204 1940 omnique
215 1859 321 1920 deinde
334 1861 410 1935 vitri,
429 1871 461 1921 ut
472 1860 592 1938 dignum
608 1871 688 1934 erat,
706 1858 853 1919 libertatis

18 1946 23 1955 “
64 1952 216 2001 auctorem
233 1943 335 2003 coluit.

13 2100 21 2109 ,
105 2041 207 2111 tht.
233 2045 403 2105 Africanum
425 2061 590 2118 cognomen
613 2042 753 2124 militaris
769 2040 853 2122 prihs

65 2120 163 2192 favor,
179 2143 214 2181 an
224 2125 377 2202 popularis
390 2143 458 2182 aura
467 2123 681 2194 celebraverit,
697 2142 748 2195 an,
762 2123 854 2183 sicuti

28 2214 41 2227 ‘
66 2199 178 2263 Felicis
190 2202 276 2262 Sullae
289 2247 298 2276 ,
313 2204 471 2282 magnique
486 2203 641 2284 Pompeii,
658 2212 777 2284 patrum
790 2223 855 2261 me-

26 2296 32 2305 ’
65 2281 181 2356 morit,
207 2294 338 2362 coeptum
363 2282 400 2344 ab
423 2285 620 2344 assentatione
636 2280 775 2342 familiari
792 2285 854 2356 sit,

25 2388 37 2442 χ
65 2381 172 2443 parum
196 2374 382 2442 compertum
407 2363 525 2426 habeor
545 2365 661 2423 Primus
693 2367 774 2422 certe
805 2365 855 2424 hic

65 2445 229 2523 imperator
244 2442 363 2513 nomine
379 2446 470 2504 victae
489 2443 526 2503 ab
542 2463 574 2503 se
590 2443 688 2522 gentis
703 2455 749 2503 est
767 2445 854 2504 nohi-

66 2521 179 2582 litatus.
214 2523 362 2605 Exemplo
389 2522 509 2583 deinde·
529 2524 641 2604 hujus,
671 2542 857 2604 nequaquam

68 2601 196 2662 victorii
223 2623 337 2685 pares,
372 2605 505 2681 insignes
536 2604 700 2682 imaginum
727 2605 857 2681 titulos,

67 2682 208 2763 claraque
229 2685 408 2763 cognomina
428 2683 547 2744 tamitiae
566 2683 676 2747 fecere.

26 2894 29 2901 .
100 2833 447 2954 9(Argenti...pondo.cen·
480 2839 581 2909 argenti
598 2841 655 2893 180.
796 2879 816 2895 -.

69 2916 127 2956 tum
136 2901 175 2967 mi
188 2902 229 2956 lt'a
248 2903 352 2974 viginti
367 2906 445 2972 trr‘rr)
517 2923 544 2955 tr
567 2906 757 2976 (Conspecta)
772 2905 858 2979 Vulgo

33 3023 47 3035 g
64 2968 446 3039 ,Selibraanostrates156,286.
480 2985 545 3027 nota
557 2987 583 3026 et
595 2987 723 3040 spectata.
905 3020 909 3027 .

17 3052 25 3061 ·
69 3034 377 3091 uuiremuncihmimis.
517 3041 678 3107 ia,(Pileo
700 3039 790 3105 capiti
807 3039 859 3103 irrr-

17 3114 25 3141 -·
108 3099 445 3175 ro(Quadragenosoeris)
478 3106 597 3179 posito)
632 3108 704 3176 Quia
732 3107 859 3158 videlicet

27 3186 32 3193 ·
68 3168 448 3225 Binosdenarioscumsemie-
480 3175 567 3241 pileus
582 3187 763 3242 eratreceptae
780 3170 860 3226 liber·

10 3254 19 3285 r
71 3251 117 3311 ss,
141 3237 188 3309 qui
205 3238 346 3306 aequabant
368 3257 448 3310 grana
481 3243 543 3294 tatis
559 3242 673 3311 insigne.
839 3256 843 3263 ’

64 3438 71 3451 ’
153 3449 228 3513 Pars
246 3451 293 3547 ll.
375 3536 377 3541 Ι
