2062 3786
240 227 519 314 Nunnium
561 212 727 291 L111.‘
791 243 851 310 r7r

64 353 84 397 a
107 328 412 412 supplicemmittere
426 325 499 405 licet
514 368 524 400 ,
538 326 690 404 sigeum,
708 324 733 383 si
749 324 855 383 victri-

66 432 172 475 ncem
196 411 341 488 attingere
372 398 534 477 (ternad,
569 424 675 486 precor
698 423 855 483 quaesoque

65 516 82 555 s>
108 512 161 572 per
183 495 372 571 majestatem
399 487 537 566 regiam,
560 485 590 543 in
603 484 666 566 ¹qud
682 486 768 564 paulli
786 488 853 544 anta

65 594 82 634 s>
108 591 160 632 nos
176 571 287 632 luimus
304 615 313 644 ‚
340 588 451 648 perque
474 564 572 644 gentis
586 565 783 627 Numidarum
799 586 855 625 no·

65 673 84 714 s>
107 672 196 723 men,
213 651 290 730 quod
307 650 362 709 tibi
376 645 445 709 curu
456 645 591 728 Syphace
606 665 761 707 commune
774 645 853 720 fuit,

65 754 83 796 a>
110 753 163 812 per
180 725 303 811 hujusce
317 732 406 809 regiae
425 729 519 800 deos,
552 728 604 804 qui
629 737 657 784 te
676 727 853 787 melioribus

64 835 82 875 s>
106 813 256 889 ominibus
279 812 451 892 accipiant,
480 807 569 885 quam
592 805 757 888 Syphacem
782 809 853 870 hinc

64 915 81 955 s
106 893 279 966 miseruut,
305 891 380 951 hanc
414 888 529 948 veniam
562 887 694 969 supplici
722 887 792 959 des,
820 899 854 950 ut

64 995 82 1035 a>
106 974 171 1052 ipse
197 972 405 1052 quodcumque
430 968 488 1030 fert
512 967 652 1040 animus,
674 969 711 1026 de
735 968 854 1050 captivit
933 1011 938 1021 ·

65 1073 83 1115 a>
108 1063 242 1124 statuas,
264 1071 358 1130 neque
378 1069 426 1108 me
447 1051 479 1108 in
501 1049 644 1127 cujusque
661 1051 787 1108 Romani
803 1069 854 1109 su-

65 1154 83 1194 n
111 1132 233 1210 perbum
260 1151 293 1191 ac
320 1128 437 1192 crudele
460 1129 616 1189 arbitrium
639 1128 740 1187 venire
763 1130 852 1191 sinas.

65 1235 83 1276 n
105 1213 137 1272 Si
156 1211 232 1270 nihil
253 1211 333 1282 aliud
350 1213 438 1290 quhm
452 1207 596 1290 Syphacis
617 1227 691 1268 uxor
706 1208 851 1282 fuissem,

65 1314 82 1357 n
106 1304 206 1352 tamen
219 1293 353 1352 Numidae
363 1303 450 1370 atque
461 1290 605 1350 ineddem
621 1308 736 1349 mecum
749 1289 853 1351 Africa

65 1395 83 1436 a
105 1372 222 1451 genili,
253 1372 340 1452 quim
364 1370 540 1446 alienigenae
563 1379 594 1430 et
620 1370 736 1428 externi
764 1371 853 1430 fidem

64 1451 236 1532 »experiri
262 1451 393 1512 mallem.
432 1449 514 1528 Quid
541 1448 782 1526 Carthaginiensi
814 1451 852 1510 ab

64 1531 262 1606 »Romanm
290 1530 362 1612 quid
389 1528 459 1590 filiae
481 1528 653 1591 Asdrubalis
688 1530 854 1591 timendum
892 1593 895 1597 ,

64 1635 82 1676 a>
105 1611 169 1687 sit,
196 1610 291 1672 vides.
324 1613 356 1672 Si
381 1609 461 1671 nulls
484 1609 543 1670 atta
567 1629 599 1669 re
621 1609 734 1690 potes}
756 1617 853 1670 morie
899 1646 947 1690 ,ιη

62 1716 81 1755 a>
104 1712 152 1751 me
179 1693 311 1754 vindices
337 1691 373 1752 ab
395 1692 598 1754 Romanorum
624 1689 766 1767 arbitrio,
799 1711 853 1755 oro
889 1698 903 1720 ³
951 1714 953 1719 ·

63 1794 82 1837 t>
107 1773 345 1854 obtestorque.»

105 1852 149 1914 ll.
182 1856 290 1916 Forma
312 1850 550 1934 marmaignia,
581 1862 611 1912 et
641 1849 853 1914 florentissima
878 1875 881 1882 ·

60 1944 142 1995 aetas.
168 1934 267 2011 ltaque
284 1934 353 1994 chrn
369 1933 457 1992 modu
472 1932 701 2012 ganum—modi>
717 1933 853 1993 dextram
883 1930 887 1937 ’
924 1927 931 1943 “

63 2008 266 2091 amplectens,
290 2016 322 2073 in
341 2013 395 2086 id,
419 2014 457 2069 ne
473 2014 522 2072 cui
534 2010 675 2070 Romano
698 2014 823 2072 traderet
840 2056 850 2084 ,

63 2089 156 2152 fidem
177 2086 375 2172 exposceret,
396 2091 581 2172 propitiaque
603 2093 662 2171 jam
689 2089 852 2153 blanditias

63 2175 160 2232 oratio
180 2184 259 2231 esset
281 2172 370 2252 quim
390 2190 519 2251 preces3
543 2189 602 2230 non
624 2171 656 2230 in
679 2172 850 2234 misericor-

63 2251 146 2313 diam
160 2251 250 2314 morlb
270 2251 423 2333 prolapsus
440 2265 485 2314 est
499 2249 613 2314 animus
629 2253 751 2314 victoris
767 2299 776 2328 ‚
799 2253 851 2315 sed

62 2352 164 2393 amore
187 2332 310 2414 captirae
330 2334 425 2393 victor
443 2344 567 2416 captus,
590 2331 658 2393 dara
679 2331 797 2395 dextera
817 2335 851 2395 in

62 2412 95 2472 id
111 2412 187 2494 quod
203 2413 359 2497 petebatur
379 2413 544 2494 obligandae
568 2411 660 2488 fidei,
685 2415 716 2474 in
736 2416 850 2494 regiam

63 2493 211 2554 concedit.
232 2493 343 2553 Institit
363 2494 470 2554 deinde
488 2507 627 2576 reputare
643 2514 743 2555 secum
762 2499 850 2575 ipse,

61 2572 306 2652 quemadmodhru
319 2575 460 2655 promissi
472 2573 562 2635 fidem
572 2585 736 2655 prestaret.
760 2575 851 2657 Quod

20 2687 23 2690 ·
61 2654 131 2714 crim
154 2651 298 2734 expedire
324 2675 382 2715 non
406 2667 529 2736 posset,
551 2656 587 2716 ab
604 2675 704 2735 amore
724 2667 850 2718 temera·

60 2736 139 2795 riurn
154 2746 241 2815 atque
257 2735 428 2816 imprudens
444 2746 574 2796 mutatur
584 2736 751 2798 consilium.
767 2740 850 2820 Nup.

62 2815 117 2876 tias
136 2815 167 2874 in
187 2835 255 2875 euru
274 2817 373 2897 ipsum
392 2815 475 2877 diem
493 2817 615 2898 repente
629 2819 729 2900 parari
746 2820 849 2900 jubet,

61 2895 100 2953 ne
125 2893 198 2974 quid
220 2898 404 2977 relinqueret
433 2899 545 2978 integri
574 2908 627 2959 aut
651 2899 766 2972 Laelio,
797 2910 849 2960 aut

61 2973 123 3056 ipsi
152 2975 285 3068 Scipioni
304 2976 485 3040 'consulendi
514 2977 593 3039 velut
620 2978 653 3040 in
676 2982 853 3067 captiuam²

61 3075 127 3136 quae
144 3055 304 3116 Masinissa
320 3061 379 3138 jann
401 3070 492 3142 nupta
512 3058 599 3125 foret.
624 3125 627 3129 A
744 3068 747 3076 “

103 3132 171 3194 lll.
194 3134 292 3196 Factis
316 3139 430 3218 nuptiis
451 3140 622 3220 supervenit
644 3137 753 3201 Laelius
779 3162 786 3203 τ
817 3151 848 3202 et

60 3211 135 3274 adeh
159 3234 217 3275 non
240 3216 435 3278 dissimulavit
461 3220 630 3302 improbare
650 3218 786 3294 factum,
813 3233 847 3282 ut

60 3294 161 3378 primh
182 3297 272 3358 etiam
294 3317 361 3358 cum
381 3299 516 3381 Syphace
539 3311 568 3359 et
592 3302 699 3361 ceteris
719 3321 751 3361 ca
775 3301 845 3362 rivis
948 3312 953 3325 '

10 3406 12 3415 ·
59 3373 225 3437 detractam
251 3398 317 3440 eam
341 3377 431 3441 thoro
450 3381 563 3460 geniali
582 3383 739 3522 ruittppea
780 3383 847 3460 Sci,

695 3478 717 3524 2
