2016 3780
172 155 215 233 48
410 146 534 223 Trux
581 148 728 223 lirun

170 254 262 313 timor
280 250 393 327 luerit,
413 257 516 335 parurn
533 256 661 316 invenio.
678 250 832 315 Perviclre
849 256 961 335 certe,

169 346 203 394 ut
225 346 253 394 et
273 336 396 396 Veturia
417 356 524 414 magno
540 349 608 397 natu
627 334 756 405 mulier,
777 346 806 393 et
830 335 961 401 Volum-

170 416 236 488 nia‚
252 415 325 474 duos
336 434 442 495 porros
454 436 490 476 ex
506 416 622 477 Marcio
636 414 734 476 iorem
746 412 826 474 lilios
836 410 961 495 secum,

169 494 203 554 in
227 505 322 557 castra
342 494 471 555 hostium
491 496 591 569 irent3
621 506 652 556 et
670 514 756 576 quum
779 494 871 557 usmis
899 498 961 559 tiri

170 564 335 635 defendere
353 576 456 635 urborn
478 595 538 637 non
557 587 699 658 possent,
722 575 864 636 mulieres
887 596 963 659 pre.

171 654 257 715 cibus
280 654 478 736 lacrymisque
501 655 701 716 defenderent.
723 654 780 715 Ubi
800 652 836 714 ad
858 668 963 720 castro

169 745 292 794 ventum
317 746 383 810 est,
411 738 641 819 nunciatumque
671 733 831 798 Coriolano
851 734 963 799 edesse

169 815 276 894 ingens
297 817 457 878 muliorum
482 838 612 897 agmon,
638 815 669 875 in
693 817 814 894 primo,
847 827 882 876 ut
906 818 963 899 qui

170 915 227 956 nec
244 895 365 976 publici
388 899 541 959 tna‘estate
556 900 587 956 in
604 895 728 974 legatis,
746 914 801 955 neo
815 894 847 953 in
864 915 964 957 secor.

169 974 287 1037 dotibus
303 976 415 1037 tantulo
461 978 493 1037 si
516 978 613 1038 oculis
631 976 788 1056 animoque
809 973 962 1055 religione

170 1069 270 1119 motus
291 1069 390 1131 esset,
415 1058 508 1119 multo
540 1055 715 1118 obstinatior
746 1054 887 1116 adversis
916 1058 963 1118 la·

171 1157 287 1221 crymas
306 1138 467 1198 muliebres
492 1148 562 1199 erat.
579 1137 660 1197 Dein
681 1134 876 1196 familiarium
890 1138 962 1217 qui-

171 1220 267 1289 dam,
300 1219 350 1299 qui
375 1219 523 1299 insignem
553 1215 695 1278 moestitil
722 1216 802 1275 inter
836 1228 961 1281 caeterae

172 1309 350 1375 cognoverat
375 1299 560 1370 l'eturism,
582 1300 661 1358 inter
690 1316 795 1356 nurum
817 1309 964 1378 nepotes·
1001 1306 1003 1313 ⁴

172 1397 229 1458 que
245 1389 379 1438 stantem.
398 1379 462 1438 Nisi
472 1402 516 1439 me
527 1383 716 1450 frustrantur,
733 1376 851 1458 inquit,
864 1380 962 1457 oculi,

172 1472 264 1519 mater
274 1459 326 1518 tibi
339 1481 387 1518 oon
395 1461 496 1538 'uxque
507 1471 537 1520 et
548 1458 629 1520 tiberi
640 1462 752 1519 adsunt.

166 1615 169 1621 Ι
212 1538 268 1602 Xl.
290 1482 465 1601 Coriolanus
492 1540 585 1620 propel
614 1551 646 1599 ut
669 1556 791 1611 amens,
822 1548 962 1600 conster-

173 1632 281 1692 natus,
310 1619 346 1680 ab
369 1618 438 1680 sedo
464 1620 515 1679 sui
539 1618 607 1679 cuim
630 1618 720 1678 ferret
748 1617 838 1677 matri
863 1618 963 1685 obvia

172 1701 365 1780 complexum
377 1725 386 1770 ς
402 1699 509 1756 mulier
522 1699 554 1754 in
566 1699 642 1755 iram
652 1718 690 1756 ox
705 1695 844 1776 precibus
862 1719 963 1763 versa.

173 1778 261 1845 Sine,
289 1776 447 1855 priusquo'm
476 1772 653 1853 complexum
667 1779 814 1855 occipio,
838 1783 930 1841 sciam
950 1823 962 1861 9

170 1857 290 1935 inquit,
310 1859 349 1913 od
370 1855 497 1926 hostem,
522 1876 558 1912 on
571 1853 707 1927 adfilium
719 1860 839 1917 venerim
854 1880 866 1915 ,·
888 1882 962 1943 ιαμ

171 1939 230 1997 tivo
244 1980 252 2008 ‚
263 1947 389 1995 materne
401 1937 429 1994 in
442 1937 678 1993 costristuissirn.
692 1931 725 1993 ln
737 1934 788 1994 lios
798 1936 962 2021 molonga,

170 2022 229 2078 rito
242 2061 250 2089 ,
264 2027 294 2075 et
302 2014 408 2088 inselr'x
419 2027 529 2074 senecta
541 2018 652 2085 traxit,
663 2025 696 2074 ut
708 2015 825 2077 exulem
843 2028 873 2079 te
885 2064 895 2094 ,
910 2025 962 2080 de·

171 2102 237 2160 inde
248 2098 502 2158 hostemridereml
523 2095 644 2154 Potuisti
661 2094 792 2173 populari
812 2097 882 2158 hooc
897 2110 961 2159 ter·

172 2203 233 2242 rom
244 2224 252 2254 ,
262 2201 320 2261 quo
332 2189 360 2239 te
372 2181 564 2259 genuitotque
573 2173 647 2233 oluit
657 2178 665 2234 l
676 2172 738 2236 Non
750 2176 818 2249 tibi,
828 2182 960 2259 quumvis

167 2265 275 2337 'infesto
295 2262 390 2318 tunimo
406 2269 435 2317 et
453 2259 556 2316 minaci
571 2275 758 2332 perveneras,
783 2255 959 2337 ingredienti

149 2344 241 2419 fines
256 2345 299 2399 iro
316 2340 437 2396 cecidit?
452 2336 533 2406 Non,
547 2337 606 2396 crim
623 2338 651 2394 in
672 2342 816 2413 conspectu
835 2328 926 2386 llomo
942 2352 954 2413 ,-

165 2424 244 2492 fuit,
263 2419 413 2485 succurrit,
425 2416 498 2474 intrri
512 2415 565 2474 itta
578 2418 675 2488 mania
684 2412 824 2473 ‹lomusitu
834 2416 957 2487 penate·

172 2502 229 2558 rner'
244 2509 330 2568 sunt,
349 2506 463 2566 muter,
480 2497 608 2572 conjux,
628 2494 785 2575 liberique?
800 2487 880 2568 Ergo
901 2492 959 2567 eg'e

173 2583 227 2639 nisi
243 2578 433 2660 peperissem,
455 2578 543 2636 Romo
564 2599 617 2634 non
641 2570 878 2657 oppugnareturl
902 2572 932 2627 ni
975 2550 991 2633 ι]

166 2661 262 2735 filiurn
285 2661 436 2726 iuberem,
465 2655 553 2715 libero
574 2659 602 2714 in
621 2654 712 2716 vlibero
728 2653 826 2733 patrio
846 2669 893 2709 mo
973 2646 977 2669 ¹

174 2740 264 2797 rosim
277 2741 285 2798 l
309 2737 365 2796 Seri
388 2755 442 2813 ego
460 2736 532 2796 nihil
546 2738 607 2815 jam
626 2737 689 2814 poti
700 2779 709 2808 ‚
722 2754 773 2793 nec
784 2729 836 2791 tibi
849 2732 925 2811 turpi

174 2818 255 2898 quim
278 2818 345 2876 milri
367 2815 495 2872 miserius
508 2837 642 2895 possum,·
663 2837 734 2886 nec,
751 2825 783 2874 ut
793 2812 847 2870 sim
860 2814 930 2871 mise

176 2901 267 2967 rimu,
293 2900 337 2956 diri
348 2897 450 2962 futuro
463 2913 531 2953 sum.
556 2894 603 2953 De
623 2895 665 2953 lris
684 2897 812 2955 uideris:
827 2912 897 2974 quos
907 2935 942 2971 ,a

172 2981 286 3059 pergis,
311 2986 362 3034 out
374 2977 525 3032 immaturo
541 2994 637 3044 mors,
656 2985 707 3049 aut
729 2973 815 3054 longo
842 2974 961 3035 oeruiw

174 3069 280 3120 morrei.
336 3057 341 3067 '
635 3065 638 3070 '
881 3054 903 3073 ''
949 3056 954 3085 ¹

169 3162 173 3167 ·
215 3136 293 3202 Xll.·
309 3135 390 3200 Uxor
419 3127 526 3190 deindo
554 3149 586 3191 uc
606 3128 695 3188 liberi
722 3129 862 3211 amplexi.
894 3128 963 3192 Fle-

175 3233 279 3297 tunque
292 3216 328 3274 ab
341 3213 422 3273 omni
440 3211 523 3270 turba
537 3211 696 3270 mulierum
711 3221 795 3268 ortus
809 3240 824 3278 ‚·
840 3217 872 3291 et
885 3230 963 3273 eom·

175 3298 305 3380 ploratio
319 3297 362 3356 sui
378 3292 558 3375 patriaeque,
576 3290 691 3372 fregisti
707 3288 825 3353 teodoro
845 3288 964 3365 virutn3

788 3371 963 3452 complexus
