2016 3780
105 222 168 290 162
325 214 458 290 'Prur
503 216 711 305 Liuii¹

100 320 305 396 tificarentur,
328 321 360 380 in
379 335 548 402 quamtum
561 322 660 384 omnis
677 340 776 393 versa
796 320 895 387 cirittt

102 414 175 462 erat.
202 402 304 483 ltaque
325 421 386 461 uon
411 424 448 466 err
468 403 601 464 Sardinia
623 400 770 477 tantbm,
797 406 896 481 (sieut

102 480 310 544 antedictum
337 484 410 558 est>
440 483 491 544 sed
521 505 557 544 ex
580 482 688 543 sititis
719 494 896 565 quoquest

102 563 247 642 Hispanis
264 564 457 636 vestimenta,
474 562 741 643 frumentumque,
766 575 802 623 et
823 584 897 625 arma

103 645 193 702 etiam
217 663 253 702 ex
270 642 395 718 sicilia,
421 654 452 704 et
478 663 565 705 omne
591 663 685 723 genus
708 646 897 706 commeatus

103 724 140 782 eb
162 723 365 804 portabantur.

141 839 185 902 11.
218 841 281 902 Nec
304 840 407 921 Scipio
433 839 498 901 ullo
521 850 655 917 tempore
680 832 804 900 hiemis
830 839 897 900 belli

102 940 196 1003 opera
223 922 403 993 remiserat,
436 938 504 1002 quae
528 918 621 979 mulsa
645 918 744 978 simul
766 919 899 1000 undique

105 1021 174 1062 eum
191 999 430 1061 circumstabant.
462 999 581 1060 Uticam
603 997 792 1072 obsidebat,
812 1013 898 1060 castra

105 1084 138 1143 iu
152 1093 311 1163 conspectu
331 1078 500 1141 Asdrubalis
517 1089 608 1140 erant.
631 1079 898 1159 Carthaginienses

56 1220 62 1231 x
105 1160 285 1223 deduxerant
308 1179 423 1232 naves;
452 1159 577 1220 classem
607 1171 742 1240 paratam
774 1162 898 1222 instrue·

106 1255 223 1320 tamque
238 1241 273 1301 ad
287 1250 467 1300 commeatus
484 1238 591 1299 interci
618 1238 723 1299 iendos
740 1240 897 1302 habebant.

105 1323 187 1384 Inter
208 1320 292 1392 haec,
314 1322 351 1379 ne
372 1318 516 1402 Syphacis
537 1259 656 1400 quidem
675 1320 896 1383 reconciliandi

105 1419 208 1465 curam
230 1422 267 1461 ex
287 1401 386 1461 animo
403 1401 525 1461 miserat
547 1422 553 1460 :
578 1399 604 1461 si
626 1398 704 1459 forte
720 1420 796 1460 eum
815 1403 897 1463 satias

107 1481 217 1544 amoris
233 1482 265 1541 in
281 1501 373 1541 uxore
394 1501 431 1540 ex
455 1479 551 1541 mults
569 1478 657 1559 copia
679 1481 832 1560 cepisset.
858 1480 898 1541 Ab

105 1561 241 1645 Syphace
270 1565 367 1644 magis
417 1561 476 1621 acis
506 1561 575 1622 crim
600 1559 898 1636 Carthaginiensibus

106 1642 316 1717 conditiones,
350 1651 381 1702 ut
430 1645 528 1702 omani
558 1638 657 1700 Africa
676 1682 686 1712 ,
702 1639 797 1700 Poeni
822 1639 899 1704 ltalil

107 1724 311 1796 excederent,
343 1720 452 1802 quim,
478 1723 504 1782 si
530 1719 712 1795 bellaretur,
742 1739 818 1803 spes
848 1718 899 1783 ulls

62 1834 66 1840 ·
106 1800 290 1865 desciturum
308 1801 498 1864 asserebatur.

50 1932 97 1972 ura
148 1915 213 1978 111.
242 1916 341 1978 Primd
364 1934 414 1977 eas
438 1913 624 1976 conditiones
646 1911 823 1996 imperator
845 1914 900 1978 lio·

50 1999 82 2090 “2¹2
107 2017 209 2060 manus
226 1997 280 2058 vix
291 1997 409 2059 auribus
426 1994 554 2057 admisit.
582 1994 716 2069 Postea,
753 2008 788 2056 ut
818 2015 899 2067 causa

50 2118 79 2152 a·
109 2079 278 2162 probabilis
298 2079 358 2140 suis
375 2077 561 2140 commeandi
576 2075 652 2136 foret
669 2074 699 2134 in
717 2073 821 2139 castra
835 2078 898 2139 bos·

80 2172 84 2177 “
109 2162 206 2236 tium,
227 2159 351 2222 mollius
378 2160 481 2222 eadem
507 2160 564 2218 illa
585 2157 734 2228 abnuere,
762 2175 799 2216 ac
822 2174 898 2239 spen

108 2243 227 2321 lacere,
252 2241 358 2321 saepiirs
379 2240 457 2300 ultro
478 2241 611 2318 citr'oque
633 2235 819 2313 agitantibus
842 2254 898 2297 rem

110 2331 327 2385 conventuram.
352 2319 552 2381 Hibernacula
577 2316 899 2392 Carthaginiensium,

110 2401 249 2479 pongesti
269 2400 379 2459 temere
397 2420 433 2459 ex
453 2402 532 2477 agris
547 2396 673 2457 materia
692 2394 896 2468 exaedificata,

110 2482 209 2559 lignea
225 2479 317 2539 ferme
335 2489 395 2538 tota
411 2491 502 2540 erent.
531 2480 595 2557 (1)
620 2473 762 2537 Numidae
785 2477 897 2559 praeci.

109 2561 171 2645 pue
198 2559 342 2620 arundine
368 2561 478 2632 textis,
505 2558 658 2636 storeique
678 2574 747 2636 pars
772 2559 900 2618 maxims

110 2641 215 2714 tectis,
238 2644 349 2723 passim
365 2641 448 2701 nullo
465 2638 589 2712 ordine,
611 2637 754 2717 quidam,
782 2649 817 2698 ut
841 2641 901 2698 siue

110 2722 240 2797 imperio
265 2724 417 2801 occupatis
440 2721 540 2794 locis,
563 2717 784 2784 extrl'fossain
812 2721 900 2779 etiam

113 2800 279 2881 vallumque
313 2800 495 2863 habitabant.
535 2802 604 2863 Haec
637 2797 730 2859 relata
764 2796 901 2880 Scipioni

150 2957 314 3027 slll'umidoe
326 2957 485 3026 precipue)
521 2959 593 3011 xima
602 2979 610 3018 ς
634 2957 772 3026 (plerique
788 2959 900 3020 eorum)

114 3029 198 3083 Paulo
221 3027 370 3077 intricatior
388 3023 432 3076 hic
448 3038 487 3075 est
522 3025 720 3104 storedquoque
731 3025 818 3087 tectis,
828 3023 903 3075 habi·

114 3094 252 3144 verborum
268 3093 348 3157 ordo,
370 3105 430 3159 quae
449 3091 488 3143 sic
522 3091 614 3142 tabant
626 3110 633 3148 ς
645 3093 751 3159 quidam
762 3104 835 3141 extra
850 3091 903 3142 fos·

115 3160 229 3230 digerere
255 3160 372 3210 videmur
400 3176 487 3226 posse.
522 3176 578 3211 sam
591 3160 671 3210 etiam
686 3157 858 3225 vallumque,
875 3169 903 3209 ut

115 3228 239 3279 Numidoe
247 3228 380 3293 precipue
391 3229 490 3292 passim
523 3227 626 3278 inlocis
636 3224 814 3289 sineimperio
823 3240 902 3276 occu-

114 3297 190 3347 nullo
204 3295 294 3346 ordine
305 3291 490 3345 hibernaculis
523 3295 603 3360 pasis.
631 3292 729 3342 Storea
752 3288 869 3344 eflicitur
887 3291 903 3344 δ

117 3363 245 3416 arundine
258 3360 337 3422 tertis
354 3377 415 3430 puts
436 3377 496 3437 rue.
524 3360 615 3431 pales,
628 3356 741 3426 telulve
753 3368 836 3413 texta.
