2016 3780
146 132 432 202 Nannnrro
479 128 768 203 XXXVIII.
817 137 838 199 3

53 233 149 295 effuso
177 234 254 294 avidi
275 247 362 312 atque
389 245 509 312 egentes
533 233 699 311 rapiebant.
721 234 764 294 lbi
786 254 838 311 per
914 244 917 253 '

55 315 119 375 dies
141 314 256 394 aliquot
279 316 384 374 stativa
414 314 529 381 habita.
564 315 621 374 Ubi
648 313 719 372 satis
745 315 841 391 quieti

55 395 175 466 dutum,
198 392 298 474 praedi
315 414 350 455 ac
369 393 614 474 populationibus
636 393 730 471 magis
751 391 841 471 quim

57 475 122 532 otio
135 484 192 547 ar}
200 475 301 553 requie
311 475 505 552 gaudentibus
521 499 530 547 3
552 474 702 554 profectus
714 516 722 543 ‚
735 473 842 532 Praetu-

57 554 202 626 nanum,
230 554 452 632 Adriauumque
477 574 606 632 agrum,
634 554 748 613 Marsos
772 551 841 610 inde

57 634 299 714 Marrucinosque
321 646 351 693 et
371 633 509 712 Pelignos
530 633 682 706 devastat,
703 635 841 710 circique

56 715 154 796 Arpos
164 725 191 774 et
204 715 360 775 Luceriam
373 716 541 795 proximam
552 714 666 794 Apuliae
678 714 841 791 regionem.

96 804 151 865 IlI.
172 807 211 886 Q.
243 805 350 866 Fabius
379 807 529 866 Maximus
552 805 679 865 dictator
709 805 840 876 iterum,

55 905 114 964 quo
140 885 191 944 die
220 888 427 966 magistratum
450 887 519 945 iniit
550 911 570 957 ,·
590 896 696 946 vocato
715 896 840 956 senatu,

56 967 91 1025 ab
102 965 160 1024 diis
171 985 273 1035 orsus,
287 966 354 1027 cbm
367 968 534 1028 edocuisset
545 969 660 1039 Patres,
674 964 739 1045 plus
750 963 843 1042 negli-

55 1046 404 1122 gentiicrrr‘inroniarum
413 1049 691 1126 auspiciorumque,
705 1047 792 1124 quim
804 1057 844 1103 tc·

57 1125 196 1186 meritate
205 1136 290 1202 atque
299 1129 418 1186 inscitia
429 1173 437 1199 ‚
450 1141 605 1208 peccatum
617 1127 634 1186 ὲ
647 1127 680 1188 C.
694 1126 843 1186 Flaminio

57 1204 179 1264 consule
193 1225 275 1278 esse,
291 1208 441 1286 pervicit,
460 1221 491 1267 ut
503 1227 583 1269 sacra
594 1219 624 1268 et
637 1211 706 1266 vot‘a
725 1205 841 1266 fierent.
886 1277 958 1327 W

906 1297 920 1325 ἀ
937 1292 958 1324 11

99 1295 152 1355 lV.
168 1295 327 1368 Dictator,
343 1299 433 1358 rebus
445 1298 555 1358 divinis
567 1299 711 1378 peractis,
727 1299 795 1358 crim
807 1295 843 1355 de
856 1338 962 1393 spurina

58 1373 137 1434 bello
153 1375 325 1447 retulisset,
340 1377 412 1437 duas
427 1396 457 1436 se
469 1378 600 1457 legiones
613 1378 797 1459 adjectorum
808 1376 843 1435 ad
857 1400 885 1445 de
914 1396 975 1444 sein

58 1452 256 1513 Servilianum
267 1456 531 1518 exercitum-dixit.
540 1461 595 1518 His
605 1480 657 1538 per
668 1461 843 1535 magistrum
861 1458 976 1524 gerendo.

58 1536 192 1612 equitum
206 1536 327 1615 scriptis
339 1579 348 1607 ,
359 1536 455 1596 Tibur
465 1537 546 1596 diem
563 1539 595 1597 ad
608 1536 845 1597 conveniendum

58 1613 163 1673 edixit.
178 1615 342 1692 Edictoque
366 1616 544 1696 propomto‘,
569 1631 600 1677 ut
613 1618 720 1697 quibus
734 1617 846 1699 oppida
900 1616 905 1626 '

57 1695 237 1775 castellaque
264 1700 422 1759 immunita
435 1711 565 1772 essent,
600 1700 629 1758 hi
647 1699 678 1756 in
697 1697 761 1765 loca
783 1708 846 1772 tuta

58 1778 312 1854 commigrarent3
340 1799 380 1837 ex
393 1781 484 1858 ,agris
506 1778 623 1859 quoque
644 1779 847 1856 demigrarent

58 1875 159 1917 omnes
174 1860 303 1934 regionis
318 1861 398 1938 ejus,
424 1861 482 1939 qui
497 1863 592 1919 iturus
607 1860 732 1919 Annibal
745 1869 845 1929 esset,

58 1938 145 1996 tectis
167 1939 250 2015 priris
266 1940 394 1998 incensis
406 1959 440 2001 ac
452 1941 590 2018 ¹frugibus
606 1940 753 2019 corruptis
770 1983 779 2010 ‚
807 1938 846 1995 ud

60 2017 142 2090 (eujus
154 2019 198 2072 rei
215 2021 409 2096 copiaesset;
426 2021 488 2097 ipse
505 2021 549 2077 viai
565 2020 710 2079 Flaminia
727 2016 847 2097 proiec-

61 2104 108 2151 tus
123 2093 240 2154 obviim
251 2099 367 2156 consuli
380 2099 584 2176 exercituique
598 2143 607 2172 ,
628 2099 695 2157 cum
708 2098 743 2156 ad
756 2097 847 2158 Tibe·

61 2175 119 2232 rim
136 2173 213 2234 circi
227 2175 404 2235 Ocriculum
416 2180 618 2258 prospexisset
628 2198 755 2254 agmen,
773 2194 847 2236 con-

61 2253 214 2332 sulemque
226 2268 298 2315 :cum
308 2256 458 2335 equitibus
473 2257 549 2318 adse
561 2257 773 2337 prodeuntem,
787 2257 849 2315 via·
911 2254 913 2259 ’

61 2345 157 2392 torem
184 2336 288 2408 misit,
314 2338 367 2414 qui
385 2337 499 2396 consuli
522 2338 701 2411 nunciaret,
726 2348 758 2397 ut
781 2338 849 2397 siue

60 2413 214 2474 lictoribus
234 2415 269 2474 sd
283 2417 457 2479 dictatorem
469 2423 593 2480 reniret.
608 2421 669 2498 Qui
685 2417 753 2484 crim
766 2417 848 2479 dicto

61 2495 229 2572 paruisset,
246 2515 477 2577 congressusque
493 2520 596 2560 eorum
612 2502 763 2577 ingentem
780 2516 849 2578 spe·

62 2575 140 2631 ciem
153 2574 306 2636 dictaturre
317 2580 394 2657 apud
409 2584 490 2643 ciues
504 2584 659 2660 sociosque
675 2624 683 2650 ,
703 2589 848 2638 vetustate

61 2654 119 2733 jam
137 2657 233 2736 prope
255 2656 363 2718 oblitos
381 2669 443 2739 ejus
457 2661 604 2747 imperii,
625 2659 754 2723 fecisset.
769 2658 847 2717 Dic-

62 2747 142 2796 tator
153 2740 285 2800 exercitu
303 2744 434 2805 consulis
450 2757 573 2828 accepto
590 2744 607 2804 i
621 2745 646 2805 F
647 2743 727 2803 ulvio
738 2739 847 2802 Flacco

61 2816 160 2894 legato
177 2862 185 2890 ‚
201 2839 255 2898 per
267 2843 370 2901 agrum
381 2825 519 2888 Sabinum
535 2827 650 2894 Tibur,
676 2842 736 2903 quo
751 2818 847 2880 dicad

63 2901 299 2991 §Obvenientlutn
314 2904 448 2968 edixerat
461 2909 545 2968 noris
555 2905 723 2976 militibus,
750 2902 853 2967 venit:-

63 2978 132 3038 1nde
147 2985 193 3059 (1)
214 2984 384 3062 Praeneste,
412 2994 446 3049 ab
459 2987 631 3059 transversis
648 2984 796 3067 limitibus
816 2979 849 3037 in

65 3063 142 3118 riam
168 3061 302 3125 Latinam
330 3070 376 3130 e'st
397 3089 427 3127 re
452 3080 571 3145 tessus,
595 3063 674 3126 unde
691 3060 848 3123 itineribus

26 3150 37 3161 “
66 3142 179 3231 summi
196 3140 263 3203 cuin
283 3089 537 3230 curisteproratis
558 3147 592 3208 ad
611 3147 727 3206 hostem
744 3139 849 3229 ducit,

74 3292 77 3297 '
97 3272 113 3336 ἰ
129 3291 309 3363 (Praeneste)
323 3296 465 3366 Regressus
477 3306 516 3347 est
527 3290 559 3344 ad
571 3287 698 3359 oppidum
710 3287 852 3339 Praeneste.
931 3344 935 3353 Ι

663 3356 730 3416 nr
886 3374 941 3512 ⁴
