2016 3780
214 225 501 296 Ninnium
549 222 703 319 lett.
792 223 855 316 195

68 324 206 390 iaciebat.
231 329 403 391 Irritaverat
421 329 512 388 etiarn
533 329 646 387 recenti
670 325 750 386 facto
776 327 855 386 mul-

68 420 166 468 torum
184 410 350 490 potentium
366 409 503 481 animos,
523 421 584 467 tum
600 407 712 488 judices
728 429 767 466 ex
783 427 854 488 per·

66 491 169 570 petuis
198 510 307 550 annuos
339 488 500 561 faciendo,
529 498 593 548 tum
620 488 717 547 aerarii
744 488 855 568 inopiae
934 487 938 493 ’

65 569 221 629 medendo.
252 570 355 648 ltaque
381 569 489 629 infensi
513 580 543 626 et
565 568 633 627 irati
658 567 805 628 Romanos
821 569 854 628 in

66 650 269 724 Annibalem,
296 661 326 710 et
350 653 431 732 ipsos
455 668 576 710 causant
596 647 662 708 odii
682 660 854 729 quaerentes

65 727 253 809 instigabant.
911 734 914 740 ’

106 822 173 883 lll.
199 822 323 902 ltaque,
341 821 394 882 diu
412 830 598 902 repugnante
613 818 755 899 Scipione
771 818 853 880 Airi-

63 920 160 976 cano,
186 903 238 983 qui
260 907 364 983 parurn
382 923 419 962 ex
436 901 541 983 populi
566 900 691 960 Romani
707 899 853 977 dignitate

64 1001 129 1040 esse
151 983 279 1042 ducebat
294 1028 302 1056 ,
320 986 367 1061 (1)
386 982 572 1043 subscribere
592 980 671 1042 odiis
685 983 854 1041 accusatio-

62 1063 207 1142 nibusque
225 1062 380 1123 Annibalis
405 1066 453 1139 (2)
474 1073 505 1122 et
525 1061 706 1121 factionibus
725 1061 852 1122 Cartha-
942 1094 947 1101 ·

62 1144 245 1223 giniensiurn
280 1145 411 1202 inserere
444 1142 594 1221 publicam
619 1141 848 1215 auctoritatem,
963 1174 968 1182 ·

62 1242 118 1281 nec
135 1227 204 1284 satis
221 1223 328 1284 habero
346 1221 426 1283 bello
448 1225 555 1282 vicisse
569 1221 768 1295 Annibalem,
791 1223 851 1283 nisi
938 1261 946 1271 -

60 1301 141 1364 velut
158 1315 340 1365 accusatores
362 1302 422 1381 (3)
448 1301 624 1362 calumniam
641 1303 671 1360 iu
685 1323 756 1362 eum
773 1305 851 1381 jura-

43 1394 152 1459 rent,
182 1405 216 1445 ac
240 1403 348 1453 nome-n
376 1380 546 1454 deferrent,
568 1380 684 1442 tandem
711 1385 852 1462 pervice-

59 1475 149 1539 runt,
174 1476 206 1524 ut
223 1463 315 1542 legati
337 1461 551 1541 Carthaginem
563 1464 773 1535 mitterentur,
794 1463 849 1542 qui

60 1543 140 1623 apud
167 1555 299 1605 senatum
327 1563 430 1604 eorum
453 1543 633 1622 arguerint,
669 1543 848 1604 Annibalem

59 1639 128 1683 cum
160 1625 311 1687 Antiocho
348 1643 419 1702 rege
455 1622 581 1685 consilia
612 1621 684 1684 belli
718 1623 849 1685 faciendi

56 1723 147 1766 turre.
671 1748 674 1753 -

96 1795 155 1863 lv.
182 1790 287 1876 Legati
310 1809 370 1859 tres
390 1796 475 1857 missi
487 1841 496 1869 ,
510 1796 570 1876 ¹qui
590 1794 660 1856 cum
675 1797 845 1872 venissent,

56 1896 96 1936 en
119 1878 247 1939 consilio
267 1874 458 1939 inimicorum
487 1877 664 1951 Annibalis,
689 1880 847 1957 quaerenti-

56 1954 112 2014 bus
132 1976 248 2018 causam
271 1959 433 2029 adventlts,
453 1958 515 2014 dici
537 1961 704 2032 jusserunt,
729 1960 845 2017 venisse

56 2033 97 2097 ad
129 2041 372 2111 controversias,
410 2054 474 2116 quae
503 2053 571 2094 cum
591 2035 748 2098 Masinissa
773 2056 846 2118 rege

93 2205 103 2238 1
132 2186 335 2253 (Subscribcrc
357 2186 432 2241 odiis
467 2186 844 2256 giniensium‚it'aurllomani

55 2253 334 2322 accusationibusquc
346 2253 433 2307 Anni·
467 2272 523 2306 sese
541 2255 615 2306 alteri
627 2253 738 2308 factioni
752 2257 844 2308 adver-

55 2320 150 2388 bala's)
167 2320 281 2373 Verbum
296 2321 432 2387 proprium
466 2321 510 2372 slas
522 2321 630 2374 alteram
644 2321 825 2392 adiungerent.

55 2389 85 2440 ln
97 2389 274 2442 accusatione.
287 2391 432 2441 Accusator
499 2392 514 2440 ὅ
535 2391 729 2455 (Caluurrricun
742 2390 770 2443 in
781 2410 843 2444 eum

56 2469 111 2506 erat
122 2458 144 2525 is
156 2457 201 2525 qui
212 2473 311 2508 nomen
333 2456 432 2508 detule-
460 2453 607 2525 jurarent)
620 2457 789 2510 Calumniam
801 2456 844 2524 ju-

54 2535 105 2581 rat,
114 2524 353 2592 quiqucinagendo
362 2525 434 2589 prin-
466 2539 530 2592 rare,
539 2524 595 2574 sive
606 2522 689 2589 jurare
699 2525 730 2575 de
740 2526 843 2576 calum-

9 2626 17 2633 .,
57 2603 121 2663 ceps
135 2599 197 2638 erat.
219 2591 274 2655 Qui
288 2588 350 2641 verb
369 2606 396 2641 se
407 2590 432 2639 ei
466 2591 511 2640 nia
523 2626 528 2650 ‚
542 2603 582 2640 est
592 2589 675 2656 jurare
688 2608 714 2641 se
727 2609 784 2644 non
797 2594 859 2643 ca-'

55 2655 188 2721 adjutores
204 2651 297 2706 forest
313 2657 432 2708 eamdem
464 2656 639 2719 lumnianti,
674 2670 718 2709 aut
744 2658 843 2727 injustb

56 2738 118 2773 curu
130 2725 189 2790 ipso
205 2739 310 2775 causam
328 2737 432 2776 acturos
465 2724 577 2775 vexandi
587 2727 842 2794 quemquamauimo

56 2789 433 2861 esseprolitebantur,iisubs-
466 2789 540 2841 litem
549 2790 694 2844 instituere.
707 2793 765 2846 Hoc
772 2793 843 2861 jura-

56 2856 165 2910 crr'bere
182 2859 335 2912 dicebantur
354 2874 433 2910 accu·
466 2872 585 2910 mentum
606 2872 726 2923 praestare
744 2862 843 2913 'solitus

56 2923 181 2988 sationi,
214 2941 241 2978 et
271 2927 433 2980 vocabantur
466 2942 524 2976 esse
543 2941 726 2988 accusatores,
741 2946 775 2979 ex
789 2927 843 2982 hoc
916 2962 920 2967 -

56 2988 265 3058 subscriptores.
409 3043 412 3047 ,
465 2992 526 3058 ipso
540 2992 601 3044 loco
613 3007 729 3060 apparet.
752 2995 845 3064 tdigi-
953 3024 967 3055 ,·

91 3057 175 3121 affl
176 3056 351 3128 factionibus
363 3059 433 3112 Car·
467 3072 508 3110 tur
536 3060 687 3126 indignatur
722 3061 842 3130 ScipiO,
888 3087 891 3091 ·

56 3119 277 3191 thagr'nicusiurn
309 3130 433 3177 iraserere
467 3123 538 3193 quiid
567 3127 684 3195 Romani
715 3141 843 3199 tanquam
949 3164 954 3173 ·

54 3190 194 3257 publicam
216 3192 431 3252 auctoritatem)
467 3205 633 3245 accusatores
662 3212 734 3246 reum
767 3212 844 3248 aere
933 3232 942 3245 ς

56 3255 94 3306 Et
103 3257 252 3308 immiscere
262 3275 361 3308 nomen
369 3272 432 3307 auc·
466 3259 539 3310 velut
555 3261 705 3329 subjudice
720 3212 845 3319 Anniba·
920 3268 923 3273 '

55 3324 244 3392 toritatemque
261 3326 354 3391 populi
379 3325 432 3374 llo-
466 3325 520 3379 lem
537 3327 632 3383 velint.

55 3391 132 3453 mani
153 3389 312 3445 factionibus
324 3390 433 3447 Cartha·
658 3460 674 3529 Ι
753 3436 756 3441 .
841 3416 847 3441 .-
