<?xml version="1.0" encoding="UTF-8"?>
<!DOCTYPE html PUBLIC "-//W3C//DTD XHTML 1.0 Transitional//EN"
    "http://www.w3.org/TR/xhtml1/DTD/xhtml1-transitional.dtd">
<html xmlns="http://www.w3.org/1999/xhtml" xml:lang="en" lang="en">
 <head>
  <title>
</title>
<meta http-equiv="Content-Type" content="text/html;charset=utf-8" />
  <meta name='ocr-system' content='tesseract 3.04.00' />
  <meta name='ocr-capabilities' content='ocr_page ocr_carea ocr_par ocr_line ocrx_word'/>
</head>
<body>
  <div class='ocr_page' id='page_1' title='image "./selectaetitoliv00livygoog_0220.png"; bbox 0 0 2016 3780; ppageno 0'>
   <div class='ocr_carea' id='block_1_1' title="bbox 247 168 904 281">
    <p class='ocr_par' dir='ltr' id='par_1_1' title="bbox 247 168 904 281">
     <span class='ocr_line' id='line_1_1' title="bbox 247 168 904 281; baseline 0.003 -3"><span class='ocrx_word' id='word_1_1' title='bbox 247 168 528 281; x_wconf 71' lang='lat' dir='ltr'><strong>Ninnnnro</strong></span> <span class='ocrx_word' id='word_1_2' title='bbox 576 190 769 276; x_wconf 73' lang='lat' dir='ltr'>XXXV.</span> <span class='ocrx_word' id='word_1_3' title='bbox 835 213 904 280; x_wconf 79' lang='lat'><strong>223</strong></span> 
     </span>
    </p>
   </div>
   <div class='ocr_carea' id='block_1_2' title="bbox 92 308 1007 1668">
    <p class='ocr_par' dir='ltr' id='par_1_2' title="bbox 92 308 1007 1668">
     <span class='ocr_line' id='line_1_2' title="bbox 119 308 904 390; baseline -0.008 -16"><span class='ocrx_word' id='word_1_4' title='bbox 119 313 194 375; x_wconf 86' lang='lat' dir='ltr'><strong>ierat</strong></span> <span class='ocrx_word' id='word_1_5' title='bbox 214 312 327 373; x_wconf 88' lang='lat' dir='ltr'><strong>:donec</strong></span> <span class='ocrx_word' id='word_1_6' title='bbox 340 308 501 382; x_wconf 67' lang='lat' dir='ltr'><strong>Numidae,</strong></span> <span class='ocrx_word' id='word_1_7' title='bbox 523 309 574 390; x_wconf 90' lang='lat' dir='ltr'><strong>qui</strong></span> <span class='ocrx_word' id='word_1_8' title='bbox 597 310 630 369; x_wconf 93' lang='lat' dir='ltr'><strong>in</strong></span> <span class='ocrx_word' id='word_1_9' title='bbox 651 309 790 370; x_wconf 85' lang='lat' dir='ltr'><strong>cornibus</strong></span> <span class='ocrx_word' id='word_1_10' title='bbox 804 323 904 382; x_wconf 86' lang='lat' dir='ltr'><strong>erant,</strong></span> 
     </span>
     <span class='ocr_line' id='line_1_3' title="bbox 118 389 907 471; baseline -0.009 -17"><span class='ocrx_word' id='word_1_11' title='bbox 118 393 313 455; x_wconf 80' lang='lat' dir='ltr'><strong>circumvecti</strong></span> <span class='ocrx_word' id='word_1_12' title='bbox 332 390 485 471; x_wconf 79' lang='lat' dir='ltr'><strong>paululum</strong></span> <span class='ocrx_word' id='word_1_13' title='bbox 509 431 518 460; x_wconf 91' lang='lat'>‚</span> <span class='ocrx_word' id='word_1_14' title='bbox 552 389 590 449; x_wconf 88' lang='lat' dir='ltr'><strong>ab</strong></span> <span class='ocrx_word' id='word_1_15' title='bbox 612 400 696 467; x_wconf 83' lang='lat' dir='ltr'><strong>tergo</strong></span> <span class='ocrx_word' id='word_1_16' title='bbox 715 408 750 449; x_wconf 91' lang='lat' dir='ltr'><strong>se</strong></span> <span class='ocrx_word' id='word_1_17' title='bbox 769 391 907 448; x_wconf 80' lang='lat' dir='ltr'><strong>estenda-</strong></span> 
     </span>
     <span class='ocr_line' id='line_1_4' title="bbox 120 469 906 552; baseline -0.006 -19"><span class='ocrx_word' id='word_1_18' title='bbox 120 485 199 535; x_wconf 85' lang='lat' dir='ltr'><strong>runt.</strong></span> <span class='ocrx_word' id='word_1_19' title='bbox 227 471 255 533; x_wconf 90' lang='lat' dir='ltr'><strong>ls</strong></span> <span class='ocrx_word' id='word_1_20' title='bbox 279 490 370 552; x_wconf 84' lang='lat' dir='ltr'><strong>pavor</strong></span> <span class='ocrx_word' id='word_1_21' title='bbox 397 469 528 552; x_wconf 88' lang='lat' dir='ltr'><strong>perculit</strong></span> <span class='ocrx_word' id='word_1_22' title='bbox 552 469 731 544; x_wconf 76' lang='lat' dir='ltr'><strong>Roman0s3</strong></span> <span class='ocrx_word' id='word_1_23' title='bbox 764 469 906 547; x_wconf 78' lang='lat' dir='ltr'><strong>auxitque</strong></span> 
     </span>
     <span class='ocr_line' id='line_1_5' title="bbox 119 548 906 634; baseline -0.008 -21"><span class='ocrx_word' id='word_1_24' title='bbox 119 572 256 634; x_wconf 86' lang='lat' dir='ltr'><strong>pavorem</strong></span> <span class='ocrx_word' id='word_1_25' title='bbox 282 549 411 611; x_wconf 84' lang='lat' dir='ltr'><strong>consulis</strong></span> <span class='ocrx_word' id='word_1_26' title='bbox 433 549 537 610; x_wconf 86' lang='lat' dir='ltr'><strong>vulnus</strong></span> <span class='ocrx_word' id='word_1_27' title='bbox 564 548 796 631; x_wconf 81' lang='lat' dir='ltr'><strong>periculumque·</strong></span> <span class='ocrx_word' id='word_1_28' title='bbox 812 551 906 607; x_wconf 79' lang='lat' dir='ltr'><strong>inrer-</strong></span> 
     </span>
     <span class='ocr_line' id='line_1_6' title="bbox 121 628 908 711; baseline -0.001 -19"><span class='ocrx_word' id='word_1_29' title='bbox 121 650 209 694; x_wconf 88' lang='lat' dir='ltr'><strong>cursu</strong></span> <span class='ocrx_word' id='word_1_30' title='bbox 228 643 291 691; x_wconf 86' lang='lat' dir='ltr'><strong>turn</strong></span> <span class='ocrx_word' id='word_1_31' title='bbox 310 630 440 711; x_wconf 80' lang='lat' dir='ltr'><strong>primrlm</strong></span> <span class='ocrx_word' id='word_1_32' title='bbox 463 629 651 711; x_wconf 83' lang='lat' dir='ltr'><strong>pubescentia</strong></span> <span class='ocrx_word' id='word_1_33' title='bbox 676 628 731 689; x_wconf 88' lang='lat' dir='ltr'><strong>filii</strong></span> <span class='ocrx_word' id='word_1_34' title='bbox 750 629 908 709; x_wconf 79' lang='lat' dir='ltr'><strong>propulse-</strong></span> 
     </span>
     <span class='ocr_line' id='line_1_7' title="bbox 119 707 906 789; baseline -0.004 -19"><span class='ocrx_word' id='word_1_35' title='bbox 119 722 191 774; x_wconf 85' lang='lat' dir='ltr'><strong>tum.</strong></span> <span class='ocrx_word' id='word_1_36' title='bbox 217 712 275 772; x_wconf 88' lang='lat' dir='ltr'><strong>Hic</strong></span> <span class='ocrx_word' id='word_1_37' title='bbox 299 711 357 770; x_wconf 87' lang='lat' dir='ltr'><strong>erit</strong></span> <span class='ocrx_word' id='word_1_38' title='bbox 378 713 516 786; x_wconf 78' lang='lat' dir='ltr'><strong>iuvenis,</strong></span> <span class='ocrx_word' id='word_1_39' title='bbox 547 729 639 789; x_wconf 85' lang='lat' dir='ltr'><strong>penes</strong></span> <span class='ocrx_word' id='word_1_40' title='bbox 665 730 754 789; x_wconf 77' lang='lat' dir='ltr'><strong>quem</strong></span> <span class='ocrx_word' id='word_1_41' title='bbox 777 707 906 786; x_wconf 79' lang='lat' dir='ltr'><strong>perfecti</strong></span> 
     </span>
     <span class='ocr_line' id='line_1_8' title="bbox 117 790 907 871; baseline -0.004 -19"><span class='ocrx_word' id='word_1_42' title='bbox 117 790 240 871; x_wconf 88' lang='lat' dir='ltr'><strong>hujusce</strong></span> <span class='ocrx_word' id='word_1_43' title='bbox 256 790 330 851; x_wconf 86' lang='lat' dir='ltr'><strong>belli</strong></span> <span class='ocrx_word' id='word_1_44' title='bbox 345 792 408 851; x_wconf 89' lang='lat' dir='ltr'><strong>laus</strong></span> <span class='ocrx_word' id='word_1_45' title='bbox 428 801 497 861; x_wconf 84' lang='lat' dir='ltr'><strong>est,</strong></span> <span class='ocrx_word' id='word_1_46' title='bbox 523 790 682 850; x_wconf 81' lang='lat' dir='ltr'><strong>Africanus</strong></span> <span class='ocrx_word' id='word_1_47' title='bbox 697 791 736 850; x_wconf 93' lang='lat' dir='ltr'><strong>ob</strong></span> <span class='ocrx_word' id='word_1_48' title='bbox 753 791 907 868; x_wconf 78' lang='lat' dir='ltr'><strong>egregiam</strong></span> 
     </span>
     <span class='ocr_line' id='line_1_9' title="bbox 116 866 906 948; baseline -0.001 -18"><span class='ocrx_word' id='word_1_49' title='bbox 116 872 273 932; x_wconf 79' lang='lat' dir='ltr'><strong>victoriam</strong></span> <span class='ocrx_word' id='word_1_50' title='bbox 301 871 337 932; x_wconf 87' lang='lat' dir='ltr'><strong>de</strong></span> <span class='ocrx_word' id='word_1_51' title='bbox 366 868 512 930; x_wconf 80' lang='lat' dir='ltr'>Annibale</span> <span class='ocrx_word' id='word_1_52' title='bbox 537 869 694 948; x_wconf 81' lang='lat' dir='ltr'>Poenisque</span> <span class='ocrx_word' id='word_1_53' title='bbox 726 866 906 947; x_wconf 87' lang='lat' dir='ltr'><strong>appellatus.</strong></span> 
     </span>
     <span class='ocr_line' id='line_1_10' title="bbox 92 947 908 1031; baseline -0.005 -19"><span class='ocrx_word' id='word_1_54' title='bbox 92 1018 96 1023; x_wconf 50' lang='lat'>‚</span> <span class='ocrx_word' id='word_1_55' title='bbox 115 949 198 1031; x_wconf 85' lang='lat' dir='ltr'><strong>Fuga</strong></span> <span class='ocrx_word' id='word_1_56' title='bbox 220 962 318 1010; x_wconf 88' lang='lat' dir='ltr'><strong>tamen</strong></span> <span class='ocrx_word' id='word_1_57' title='bbox 337 949 432 1011; x_wconf 77' lang='lat' dir='ltr'><strong>eflusa</strong></span> <span class='ocrx_word' id='word_1_58' title='bbox 452 947 646 1023; x_wconf 77' lang='lat' dir='ltr'><strong>iaculatorum</strong></span> <span class='ocrx_word' id='word_1_59' title='bbox 666 949 798 1010; x_wconf 72' lang='lat' dir='ltr'><strong>maxime</strong></span> <span class='ocrx_word' id='word_1_60' title='bbox 824 948 908 1020; x_wconf 82' lang='lat' dir='ltr'><strong>luit,</strong></span> 
     </span>
     <span class='ocr_line' id='line_1_11' title="bbox 117 1028 907 1112; baseline 0.001 -23"><span class='ocrx_word' id='word_1_61' title='bbox 117 1049 191 1108; x_wconf 91' lang='lat' dir='ltr'><strong>quos</strong></span> <span class='ocrx_word' id='word_1_62' title='bbox 210 1032 322 1112; x_wconf 87' lang='lat' dir='ltr'><strong>primos</strong></span> <span class='ocrx_word' id='word_1_63' title='bbox 350 1028 488 1091; x_wconf 63' lang='lat' dir='ltr'><strong>Numidae</strong></span> <span class='ocrx_word' id='word_1_64' title='bbox 512 1032 689 1091; x_wconf 82' lang='lat' dir='ltr'><strong>invaserunt.</strong></span> <span class='ocrx_word' id='word_1_65' title='bbox 719 1031 806 1088; x_wconf 84' lang='lat' dir='ltr'><strong>Alius</strong></span> <span class='ocrx_word' id='word_1_66' title='bbox 833 1047 907 1090; x_wconf 86' lang='lat' dir='ltr'><strong>con-</strong></span> 
     </span>
     <span class='ocr_line' id='line_1_12' title="bbox 117 1107 908 1191; baseline 0 -23"><span class='ocrx_word' id='word_1_67' title='bbox 117 1109 210 1171; x_wconf 80' lang='lat' dir='ltr'><strong>fertus</strong></span> <span class='ocrx_word' id='word_1_68' title='bbox 233 1113 382 1189; x_wconf 72' lang='lat' dir='ltr'><strong>equitatus</strong></span> <span class='ocrx_word' id='word_1_69' title='bbox 406 1110 556 1169; x_wconf 88' lang='lat' dir='ltr'><strong>consulem</strong></span> <span class='ocrx_word' id='word_1_70' title='bbox 586 1111 618 1169; x_wconf 92' lang='lat' dir='ltr'><strong>in</strong></span> <span class='ocrx_word' id='word_1_71' title='bbox 645 1107 774 1168; x_wconf 85' lang='lat' dir='ltr'><strong>medium</strong></span> <span class='ocrx_word' id='word_1_72' title='bbox 803 1128 908 1191; x_wconf 78' lang='lat' dir='ltr'><strong>accep·</strong></span> 
     </span>
     <span class='ocr_line' id='line_1_13' title="bbox 119 1187 909 1269; baseline 0.004 -21"><span class='ocrx_word' id='word_1_73' title='bbox 119 1200 183 1250; x_wconf 89' lang='lat' dir='ltr'><strong>tum</strong></span> <span class='ocrx_word' id='word_1_74' title='bbox 200 1234 209 1262; x_wconf 94' lang='lat'>‚</span> <span class='ocrx_word' id='word_1_75' title='bbox 233 1209 290 1249; x_wconf 90' lang='lat' dir='ltr'><strong>non</strong></span> <span class='ocrx_word' id='word_1_76' title='bbox 306 1192 398 1249; x_wconf 87' lang='lat' dir='ltr'><strong>armis</strong></span> <span class='ocrx_word' id='word_1_77' title='bbox 413 1189 523 1263; x_wconf 75' lang='lat' dir='ltr'><strong>modu,</strong></span> <span class='ocrx_word' id='word_1_78' title='bbox 552 1192 602 1251; x_wconf 89' lang='lat' dir='ltr'><strong>sed</strong></span> <span class='ocrx_word' id='word_1_79' title='bbox 621 1192 714 1250; x_wconf 88' lang='lat' dir='ltr'><strong>etiarn</strong></span> <span class='ocrx_word' id='word_1_80' title='bbox 731 1187 909 1269; x_wconf 72' lang='lat' dir='ltr'><strong>corporibuu&#39;</strong></span> 
     </span>
     <span class='ocr_line' id='line_1_14' title="bbox 118 1266 907 1352; baseline 0.001 -24"><span class='ocrx_word' id='word_1_81' title='bbox 118 1272 181 1328; x_wconf 84' lang='lat' dir='ltr'><strong>tuis</strong></span> <span class='ocrx_word' id='word_1_82' title='bbox 201 1281 359 1347; x_wconf 82' lang='lat' dir='ltr'><strong>protegens</strong></span> <span class='ocrx_word' id='word_1_83' title='bbox 383 1313 392 1340; x_wconf 90' lang='lat'>,</span> <span class='ocrx_word' id='word_1_84' title='bbox 418 1270 452 1329; x_wconf 90' lang='lat' dir='ltr'><strong>in</strong></span> <span class='ocrx_word' id='word_1_85' title='bbox 474 1281 590 1344; x_wconf 81' lang='lat' dir='ltr'><strong>cestra,</strong></span> <span class='ocrx_word' id='word_1_86' title='bbox 621 1289 766 1350; x_wconf 76' lang='lat' dir='ltr'><strong>nusquam</strong></span> <span class='ocrx_word' id='word_1_87' title='bbox 788 1266 907 1352; x_wconf 74' lang='lat' dir='ltr'><strong>trepide</strong></span> 
     </span>
     <span class='ocr_line' id='line_1_15' title="bbox 117 1348 905 1426; baseline 0.004 -20"><span class='ocrx_word' id='word_1_88' title='bbox 117 1363 213 1426; x_wconf 81' lang='lat' dir='ltr'><strong>neque</strong></span> <span class='ocrx_word' id='word_1_89' title='bbox 230 1348 323 1406; x_wconf 71' lang='lat' dir='ltr'><strong>eliu-se</strong></span> <span class='ocrx_word' id='word_1_90' title='bbox 341 1348 498 1420; x_wconf 87' lang='lat' dir='ltr'><strong>cedendo,</strong></span> <span class='ocrx_word' id='word_1_91' title='bbox 521 1349 651 1411; x_wconf 76' lang='lat' dir='ltr'><strong>reduxit.</strong></span> <span class='ocrx_word' id='word_1_92' title='bbox 903 1384 905 1390; x_wconf 94' lang='lat'>·</span> 
     </span>
     <span class='ocr_line' id='line_1_16' title="bbox 157 1401 1007 1514; baseline 0.001 -26"><span class='ocrx_word' id='word_1_93' title='bbox 157 1426 244 1488; x_wconf 88' lang='lat' dir='ltr'><strong>XIX.</strong></span> <span class='ocrx_word' id='word_1_94' title='bbox 273 1426 336 1485; x_wconf 83' lang='lat' dir='ltr'><strong>lloc</strong></span> <span class='ocrx_word' id='word_1_95' title='bbox 357 1426 489 1506; x_wconf 88' lang='lat' dir='ltr'><strong>primum</strong></span> <span class='ocrx_word' id='word_1_96' title='bbox 508 1446 576 1487; x_wconf 89' lang='lat' dir='ltr'><strong>curu</strong></span> <span class='ocrx_word' id='word_1_97' title='bbox 595 1428 744 1489; x_wconf 80' lang='lat' dir='ltr'><strong>Annibale</strong></span> <span class='ocrx_word' id='word_1_98' title='bbox 764 1426 940 1514; x_wconf 73' lang='lat' dir='ltr'><strong>praeliump</strong></span> <span class='ocrx_word' id='word_1_99' title='bbox 948 1401 1007 1512; x_wconf 56' lang='lat' dir='ltr'><strong>vlf*</strong></span> 
     </span>
     <span class='ocr_line' id='line_1_17' title="bbox 115 1503 1007 1587; baseline 0.002 -17"><span class='ocrx_word' id='word_1_100' title='bbox 115 1503 175 1570; x_wconf 80' lang='lat' dir='ltr'><strong>suit</strong></span> <span class='ocrx_word' id='word_1_101' title='bbox 190 1526 197 1567; x_wconf 92' lang='lat'>:</span> <span class='ocrx_word' id='word_1_102' title='bbox 215 1522 274 1583; x_wconf 81' lang='lat' dir='ltr'><strong>quo</strong></span> <span class='ocrx_word' id='word_1_103' title='bbox 289 1504 377 1567; x_wconf 70' lang='lat' dir='ltr'><strong>facile</strong></span> <span class='ocrx_word' id='word_1_104' title='bbox 392 1523 430 1583; x_wconf 87' lang='lat' dir='ltr'><strong>sp</strong></span> <span class='ocrx_word' id='word_1_105' title='bbox 453 1505 552 1579; x_wconf 87' lang='lat' dir='ltr'><strong>aruit,</strong></span> <span class='ocrx_word' id='word_1_106' title='bbox 567 1517 596 1567; x_wconf 87' lang='lat' dir='ltr'><strong>et</strong></span> <span class='ocrx_word' id='word_1_107' title='bbox 605 1510 736 1587; x_wconf 87' lang='lat' dir='ltr'><strong>equitatu</strong></span> <span class='ocrx_word' id='word_1_108' title='bbox 750 1507 904 1568; x_wconf 88' lang='lat' dir='ltr'><strong>meliorem</strong></span> <span class='ocrx_word' id='word_1_109' title='bbox 917 1529 1007 1572; x_wconf 56' lang='lat' dir='ltr'><strong>restans</strong></span> 
     </span>
     <span class='ocr_line' id='line_1_18' title="bbox 116 1525 1007 1668; baseline 0 -22"><span class='ocrx_word' id='word_1_110' title='bbox 116 1585 241 1653; x_wconf 82' lang='lat' dir='ltr'><strong>Poeuttm</strong></span> <span class='ocrx_word' id='word_1_111' title='bbox 257 1603 344 1654; x_wconf 75' lang='lat' dir='ltr'><strong>esse,</strong></span> <span class='ocrx_word' id='word_1_112' title='bbox 365 1595 397 1644; x_wconf 83' lang='lat' dir='ltr'><strong>et</strong></span> <span class='ocrx_word' id='word_1_113' title='bbox 411 1525 451 1644; x_wconf 55' lang='grc' dir='ltr'><strong>οξ</strong></span> <span class='ocrx_word' id='word_1_114' title='bbox 463 1583 494 1647; x_wconf 79' lang='lat' dir='ltr'><strong>id</strong></span> <span class='ocrx_word' id='word_1_115' title='bbox 512 1603 632 1668; x_wconf 85' lang='lat' dir='ltr'><strong>campos</strong></span> <span class='ocrx_word' id='word_1_116' title='bbox 644 1598 779 1668; x_wconf 84' lang='lat' dir='ltr'><strong>patentes</strong></span> <span class='ocrx_word' id='word_1_117' title='bbox 795 1630 805 1660; x_wconf 92' lang='lat'>‚</span> <span class='ocrx_word' id='word_1_118' title='bbox 832 1607 904 1666; x_wconf 73' lang='lat' dir='ltr'><strong>qua·</strong></span> <span class='ocrx_word' id='word_1_119' title='bbox 916 1583 1007 1634; x_wconf 76' lang='lat' dir='ltr'><strong>Roman</strong></span> 
     </span>
    </p>
   </div>
   <div class='ocr_carea' id='block_1_3' title="bbox 107 1663 956 1908">
    <p class='ocr_par' dir='ltr' id='par_1_3' title="bbox 107 1663 956 1908">
     <span class='ocr_line' id='line_1_19' title="bbox 107 1663 906 1748; baseline 0.003 -23"><span class='ocrx_word' id='word_1_120' title='bbox 107 1664 163 1748; x_wconf 38' lang='lat' dir='ltr'><strong>sies</strong></span> <span class='ocrx_word' id='word_1_121' title='bbox 174 1675 243 1726; x_wconf 86' lang='lat' dir='ltr'><strong>sunt</strong></span> <span class='ocrx_word' id='word_1_122' title='bbox 254 1664 335 1724; x_wconf 83' lang='lat' dir='ltr'><strong>inter</strong></span> <span class='ocrx_word' id='word_1_123' title='bbox 346 1663 462 1727; x_wconf 75' lang='lat' dir='ltr'><strong>Parium</strong></span> <span class='ocrx_word' id='word_1_124' title='bbox 471 1663 648 1747; x_wconf 77' lang='lat' dir='ltr'><strong>Alpesque,</strong></span> <span class='ocrx_word' id='word_1_125' title='bbox 682 1665 761 1726; x_wconf 90' lang='lat' dir='ltr'><strong>bello</strong></span> <span class='ocrx_word' id='word_1_126' title='bbox 776 1666 906 1744; x_wconf 75' lang='lat' dir='ltr'><strong>gerendo</strong></span> 
     </span>
     <span class='ocr_line' id='line_1_20' title="bbox 114 1744 906 1828; baseline -0.001 -21"><span class='ocrx_word' id='word_1_127' title='bbox 114 1744 362 1827; x_wconf 78' lang='lat' dir='ltr'><strong>Romanisaptus</strong></span> <span class='ocrx_word' id='word_1_128' title='bbox 376 1764 523 1809; x_wconf 78' lang='lat' dir='ltr'><strong>nonense.</strong></span> <span class='ocrx_word' id='word_1_129' title='bbox 541 1744 644 1828; x_wconf 85' lang='lat' dir='ltr'><strong>ltaque</strong></span> <span class='ocrx_word' id='word_1_130' title='bbox 661 1746 801 1827; x_wconf 70' lang='lat' dir='ltr'><strong>proximi</strong></span> <span class='ocrx_word' id='word_1_131' title='bbox 818 1758 906 1809; x_wconf 89' lang='lat' dir='ltr'><strong>nocta</strong></span> 
     </span>
     <span class='ocr_line' id='line_1_21' title="bbox 111 1825 956 1908; baseline 0.006 -22"><span class='ocrx_word' id='word_1_132' title='bbox 111 1826 201 1907; x_wconf 78' lang='lat' dir='ltr'><strong>iussis</strong></span> <span class='ocrx_word' id='word_1_133' title='bbox 216 1825 365 1887; x_wconf 72' lang='lat' dir='ltr'><strong>militibus</strong></span> <span class='ocrx_word' id='word_1_134' title='bbox 382 1845 448 1888; x_wconf 84' lang='lat' dir='ltr'><strong>vasa</strong></span> <span class='ocrx_word' id='word_1_135' title='bbox 465 1825 588 1887; x_wconf 84' lang='lat' dir='ltr'><strong>silentio</strong></span> <span class='ocrx_word' id='word_1_136' title='bbox 609 1825 754 1908; x_wconf 84' lang='lat' dir='ltr'><strong>colligere</strong></span> <span class='ocrx_word' id='word_1_137' title='bbox 771 1872 781 1901; x_wconf 95' lang='lat'>‚</span> <span class='ocrx_word' id='word_1_138' title='bbox 810 1840 907 1891; x_wconf 84' lang='lat' dir='ltr'><strong>caetra</strong></span> <span class='ocrx_word' id='word_1_139' title='bbox 953 1837 956 1843; x_wconf 84' lang='lat'>&#39;</span> 
     </span>
    </p>
   </div>
   <div class='ocr_carea' id='block_1_4' title="bbox 20 1905 1000 2704">
    <p class='ocr_par' dir='ltr' id='par_1_4' title="bbox 113 1905 923 2224">
     <span class='ocr_line' id='line_1_22' title="bbox 114 1905 923 1988; baseline -0.004 -16"><span class='ocrx_word' id='word_1_140' title='bbox 114 1905 391 1981; x_wconf 65' lang='lat' dir='ltr'><strong>numerosum,</strong></span> <span class='ocrx_word' id='word_1_141' title='bbox 403 1905 638 1988; x_wconf 74' lang='lat' dir='ltr'><strong>festinatumque.</strong></span> <span class='ocrx_word' id='word_1_142' title='bbox 651 1910 687 1970; x_wconf 86' lang='lat' dir='ltr'><strong>ad</strong></span> <span class='ocrx_word' id='word_1_143' title='bbox 707 1908 821 1975; x_wconf 81' lang='lat' dir='ltr'><strong>Padum·</strong></span> <span class='ocrx_word' id='word_1_144' title='bbox 835 1920 904 1986; x_wconf 67' lang='lat' dir='ltr'><strong>est3</strong></span> <span class='ocrx_word' id='word_1_145' title='bbox 920 1944 923 1953; x_wconf 94' lang='lat'><em>·</em></span> 
     </span>
     <span class='ocr_line' id='line_1_23' title="bbox 113 1988 906 2066; baseline 0.006 -19"><span class='ocrx_word' id='word_1_146' title='bbox 113 1997 148 2047; x_wconf 83' lang='lat' dir='ltr'><strong>ut</strong></span> <span class='ocrx_word' id='word_1_147' title='bbox 162 1989 300 2062; x_wconf 78' lang='lat' dir='ltr'><strong>ratibus,</strong></span> <span class='ocrx_word' id='word_1_148' title='bbox 324 1988 432 2066; x_wconf 82' lang='lat' dir='ltr'><strong>quibus</strong></span> <span class='ocrx_word' id='word_1_149' title='bbox 446 1990 585 2066; x_wconf 78' lang='lat' dir='ltr'><strong>innuerat</strong></span> <span class='ocrx_word' id='word_1_150' title='bbox 601 1988 711 2050; x_wconf 84' lang='lat' dir='ltr'><strong>flumen</strong></span> <span class='ocrx_word' id='word_1_151' title='bbox 732 2034 741 2063; x_wconf 93' lang='lat'>,</span> <span class='ocrx_word' id='word_1_152' title='bbox 762 1989 906 2052; x_wconf 64' lang='lat' dir='ltr'><strong>mudum</strong></span> 
     </span>
     <span class='ocr_line' id='line_1_24' title="bbox 114 2063 905 2148; baseline 0.006 -25"><span class='ocrx_word' id='word_1_153' title='bbox 114 2063 252 2127; x_wconf 70' lang='lat' dir='ltr'><strong>resolutis</strong></span> <span class='ocrx_word' id='word_1_154' title='bbox 280 2108 290 2138; x_wconf 86' lang='lat'>,</span> <span class='ocrx_word' id='word_1_155' title='bbox 328 2069 398 2128; x_wconf 70' lang='lat' dir='ltr'><strong>sine=</strong></span> <span class='ocrx_word' id='word_1_156' title='bbox 421 2068 553 2127; x_wconf 80' lang='lat' dir='ltr'><strong>tumultu</strong></span> <span class='ocrx_word' id='word_1_157' title='bbox 586 2080 675 2148; x_wconf 82' lang='lat' dir='ltr'><strong>etque</strong></span> <span class='ocrx_word' id='word_1_158' title='bbox 707 2071 905 2129; x_wconf 81' lang='lat' dir='ltr'><strong>insectatinne</strong></span> 
     </span>
     <span class='ocr_line' id='line_1_25' title="bbox 115 2141 905 2224; baseline 0.006 -20"><span class='ocrx_word' id='word_1_159' title='bbox 115 2141 243 2218; x_wconf 82' lang='lat' dir='ltr'><strong>hostis,</strong></span> <span class='ocrx_word' id='word_1_160' title='bbox 278 2147 381 2224; x_wconf 87' lang='lat' dir='ltr'><strong>copias</strong></span> <span class='ocrx_word' id='word_1_161' title='bbox 411 2150 571 2223; x_wconf 74' lang='lat' dir='ltr'><strong>trajiceret.</strong></span> <span class='ocrx_word' id='word_1_162' title='bbox 597 2148 682 2208; x_wconf 77' lang='lat' dir='ltr'><strong>Prius</strong></span> <span class='ocrx_word' id='word_1_163' title='bbox 721 2147 905 2209; x_wconf 81' lang='lat' dir='ltr'><strong>Placentiam</strong></span> 
     </span>
    </p>

    <p class='ocr_par' dir='ltr' id='par_1_5' title="bbox 37 2225 1000 2305">
     <span class='ocr_line' id='line_1_26' title="bbox 37 2225 1000 2305; baseline 0.01 -24"><span class='ocrx_word' id='word_1_164' title='bbox 37 2227 57 2268; x_wconf 64' lang='lat' dir='ltr'>U</span> <span class='ocrx_word' id='word_1_165' title='bbox 113 2225 395 2305; x_wconf 69' lang='lat' dir='ltr'><strong>peruenire,quim</strong></span> <span class='ocrx_word' id='word_1_166' title='bbox 412 2230 483 2288; x_wconf 84' lang='lat' dir='ltr'><strong>setis</strong></span> <span class='ocrx_word' id='word_1_167' title='bbox 496 2228 586 2288; x_wconf 85' lang='lat' dir='ltr'><strong>sciret</strong></span> <span class='ocrx_word' id='word_1_168' title='bbox 598 2228 727 2288; x_wconf 81' lang='lat' dir='ltr'><strong>Annibal</strong></span> <span class='ocrx_word' id='word_1_169' title='bbox 743 2230 779 2288; x_wconf 93' lang='lat' dir='ltr'><strong>ab</strong></span> <span class='ocrx_word' id='word_1_170' title='bbox 794 2229 905 2290; x_wconf 87' lang='lat' dir='ltr'><strong>Ticino</strong></span> <span class='ocrx_word' id='word_1_171' title='bbox 960 2287 961 2291; x_wconf 75' lang='grc'>,</span> <span class='ocrx_word' id='word_1_172' title='bbox 994 2234 1000 2241; x_wconf 85' lang='grc'>’</span> 
     </span>
    </p>

    <p class='ocr_par' dir='ltr' id='par_1_6' title="bbox 20 2301 993 2622">
     <span class='ocr_line' id='line_1_27' title="bbox 20 2301 993 2387; baseline 0.011 -26"><span class='ocrx_word' id='word_1_173' title='bbox 20 2336 26 2346; x_wconf 40' lang='lat' dir='ltr'>x</span> <span class='ocrx_word' id='word_1_174' title='bbox 112 2301 265 2384; x_wconf 79' lang='lat' dir='ltr'><strong>profectus</strong></span> <span class='ocrx_word' id='word_1_175' title='bbox 288 2326 294 2364; x_wconf 75' lang='grc' dir='ltr'><strong><em>ε</em></strong></span> <span class='ocrx_word' id='word_1_176' title='bbox 321 2307 478 2367; x_wconf 85' lang='lat' dir='ltr'><strong>tamenad</strong></span> <span class='ocrx_word' id='word_1_177' title='bbox 499 2320 655 2368; x_wconf 85' lang='lat' dir='ltr'><strong>sexcentos</strong></span> <span class='ocrx_word' id='word_1_178' title='bbox 671 2311 854 2370; x_wconf 79' lang='lat' dir='ltr'><strong>moraturum</strong></span> <span class='ocrx_word' id='word_1_179' title='bbox 873 2311 904 2387; x_wconf 80' lang='lat' dir='ltr'><strong>in</strong></span> <span class='ocrx_word' id='word_1_180' title='bbox 990 2305 993 2311; x_wconf 64' lang='grc'>’</span> 
     </span>
     <span class='ocr_line' id='line_1_28' title="bbox 112 2384 904 2466; baseline 0.003 -18"><span class='ocrx_word' id='word_1_181' title='bbox 112 2384 254 2448; x_wconf 79' lang='lat' dir='ltr'><strong>citeriore</strong></span> <span class='ocrx_word' id='word_1_182' title='bbox 284 2385 354 2466; x_wconf 78' lang='lat' dir='ltr'><strong>ripn</strong></span> <span class='ocrx_word' id='word_1_183' title='bbox 373 2414 393 2461; x_wconf 57' lang='lat'><strong>‚⁴</strong></span> <span class='ocrx_word' id='word_1_184' title='bbox 426 2387 558 2466; x_wconf 85' lang='lat' dir='ltr'><strong>segniter</strong></span> <span class='ocrx_word' id='word_1_185' title='bbox 592 2400 700 2449; x_wconf 85' lang='lat' dir='ltr'><strong>ratem·</strong></span> <span class='ocrx_word' id='word_1_186' title='bbox 724 2389 904 2463; x_wconf 79' lang='lat' dir='ltr'><strong>solventee,</strong></span> 
     </span>
     <span class='ocr_line' id='line_1_29' title="bbox 114 2457 904 2565; baseline 0.009 -43"><span class='ocrx_word' id='word_1_187' title='bbox 114 2464 207 2543; x_wconf 85' lang='lat' dir='ltr'><strong>cepit.</strong></span> <span class='ocrx_word' id='word_1_188' title='bbox 228 2465 368 2526; x_wconf 85' lang='lat' dir='ltr'><strong>Transire</strong></span> <span class='ocrx_word' id='word_1_189' title='bbox 391 2486 450 2526; x_wconf 91' lang='lat' dir='ltr'><strong>non</strong></span> <span class='ocrx_word' id='word_1_190' title='bbox 475 2470 575 2548; x_wconf 87' lang='lat' dir='ltr'><strong>potuit</strong></span> <span class='ocrx_word' id='word_1_191' title='bbox 594 2479 741 2565; x_wconf 63' lang='lat' dir='ltr'><strong>pentem</strong></span> <span class='ocrx_word' id='word_1_192' title='bbox 770 2457 853 2547; x_wconf 57' lang='lat' dir='ltr'><strong>(tq)</strong></span> <span class='ocrx_word' id='word_1_193' title='bbox 870 2483 904 2551; x_wconf 77' lang='lat' dir='ltr'><strong>ut</strong></span> 
     </span>
     <span class='ocr_line' id='line_1_30' title="bbox 113 2545 903 2622; baseline 0.015 -19"><span class='ocrx_word' id='word_1_194' title='bbox 113 2553 245 2604; x_wconf 83' lang='lat' dir='ltr'><strong>extrema</strong></span> <span class='ocrx_word' id='word_1_195' title='bbox 266 2545 394 2608; x_wconf 84' lang='lat' dir='ltr'><strong>resoluta</strong></span> <span class='ocrx_word' id='word_1_196' title='bbox 410 2559 518 2622; x_wconf 83' lang='lat' dir='ltr'><strong>erant,</strong></span> <span class='ocrx_word' id='word_1_197' title='bbox 544 2559 609 2608; x_wconf 84' lang='lat' dir='ltr'><strong>tota</strong></span> <span class='ocrx_word' id='word_1_198' title='bbox 621 2560 682 2610; x_wconf 87' lang='lat' dir='ltr'><strong>rate</strong></span> <span class='ocrx_word' id='word_1_199' title='bbox 700 2549 732 2606; x_wconf 92' lang='lat' dir='ltr'><strong>in</strong></span> <span class='ocrx_word' id='word_1_200' title='bbox 744 2551 903 2615; x_wconf 77' lang='lat' dir='ltr'><strong>secundam</strong></span> 
     </span>
    </p>

    <p class='ocr_par' dir='ltr' id='par_1_7' title="bbox 30 2625 363 2704">
     <span class='ocr_line' id='line_1_31' title="bbox 30 2625 363 2704; baseline 0.033 -27"><span class='ocrx_word' id='word_1_201' title='bbox 30 2674 31 2677; x_wconf 74' lang='grc'>,</span> <span class='ocrx_word' id='word_1_202' title='bbox 112 2641 219 2704; x_wconf 86' lang='lat' dir='ltr'><strong>squam</strong></span> <span class='ocrx_word' id='word_1_203' title='bbox 235 2625 363 2688; x_wconf 84' lang='lat' dir='ltr'><strong>labente.</strong></span> 
     </span>
    </p>
   </div>
   <div class='ocr_carea' id='block_1_5' title="bbox 105 2755 902 2960">
    <p class='ocr_par' dir='ltr' id='par_1_8' title="bbox 105 2755 902 2960">
     <span class='ocr_line' id='line_1_32' title="bbox 144 2755 902 2827; baseline 0.008 -17"><span class='ocrx_word' id='word_1_204' title='bbox 144 2759 194 2823; x_wconf 68' lang='lat'><strong>¹4(</strong></span> <span class='ocrx_word' id='word_1_205' title='bbox 209 2757 486 2826; x_wconf 56' lang='lat' dir='ltr'><strong>&amp;Burrenum-&#39;loto</strong></span> <span class='ocrx_word' id='word_1_206' title='bbox 522 2757 642 2814; x_wconf 76' lang='lat' dir='ltr'><strong>cundim</strong></span> <span class='ocrx_word' id='word_1_207' title='bbox 654 2755 902 2827; x_wconf 83' lang='lat' dir='ltr'><strong>cursnmlluminis‚&#39;</strong></span> 
     </span>
     <span class='ocr_line' id='line_1_33' title="bbox 108 2823 901 2898; baseline 0.013 -24"><span class='ocrx_word' id='word_1_208' title='bbox 108 2823 159 2898; x_wconf 69' lang='lat' dir='ltr'><strong>illo</strong></span> <span class='ocrx_word' id='word_1_209' title='bbox 170 2837 254 2890; x_wconf 87' lang='lat' dir='ltr'><strong>ponte</strong></span> <span class='ocrx_word' id='word_1_210' title='bbox 267 2860 273 2882; x_wconf 82' lang='lat'><em>.</em></span> <span class='ocrx_word' id='word_1_211' title='bbox 301 2827 346 2895; x_wconf 92' lang='lat' dir='ltr'><strong>qui</strong></span> <span class='ocrx_word' id='word_1_212' title='bbox 360 2827 374 2876; x_wconf 80' lang='grc' dir='ltr'>ὲ</span> <span class='ocrx_word' id='word_1_213' title='bbox 388 2827 486 2878; x_wconf 79' lang='lat' dir='ltr'><strong>retibus</strong></span> <span class='ocrx_word' id='word_1_214' title='bbox 521 2829 599 2880; x_wconf 87' lang='lat' dir='ltr'><strong>simul</strong></span> <span class='ocrx_word' id='word_1_215' title='bbox 611 2842 648 2880; x_wconf 75' lang='lat' dir='ltr'><strong>att</strong></span> <span class='ocrx_word' id='word_1_216' title='bbox 658 2846 690 2880; x_wconf 86' lang='lat' dir='ltr'><strong>ue</strong></span> <span class='ocrx_word' id='word_1_217' title='bbox 700 2842 816 2884; x_wconf 77' lang='lat' dir='ltr'><strong>extrema</strong></span> <span class='ocrx_word' id='word_1_218' title='bbox 828 2833 901 2884; x_wconf 72' lang='lat' dir='ltr'><strong>rese-&#39;⁹</strong></span> 
     </span>
     <span class='ocr_line' id='line_1_34' title="bbox 105 2891 671 2960; baseline 0.016 -18"><span class='ocrx_word' id='word_1_219' title='bbox 105 2904 215 2957; x_wconf 69' lang='lat' dir='ltr'><strong>junctus</strong></span> <span class='ocrx_word' id='word_1_220' title='bbox 230 2904 301 2960; x_wconf 80' lang='lat' dir='ltr'><strong>crat,</strong></span> <span class='ocrx_word' id='word_1_221' title='bbox 329 2891 435 2946; x_wconf 84' lang='lat' dir='ltr'><strong>labente</strong></span> <span class='ocrx_word' id='word_1_222' title='bbox 447 2911 488 2945; x_wconf 85' lang='lat' dir='ltr'><strong>se-</strong></span> <span class='ocrx_word' id='word_1_223' title='bbox 523 2895 579 2948; x_wconf 81' lang='lat' dir='ltr'><strong>luta</strong></span> <span class='ocrx_word' id='word_1_224' title='bbox 589 2895 633 2948; x_wconf 72' lang='lat' dir='ltr'><strong>sui</strong></span> <span class='ocrx_word' id='word_1_225' title='bbox 664 2932 671 2951; x_wconf 89' lang='lat'>.</span> 
     </span>
    </p>
   </div>
   <div class='ocr_carea' id='block_1_6' title="bbox 0 0 1012 3780">
    <p class='ocr_par' dir='ltr' id='par_1_9' title="bbox 0 0 1012 3780">
     <span class='ocr_line' id='line_1_35' title="bbox 0 0 1012 3780; baseline 0 0"><span class='ocrx_word' id='word_1_226' title='bbox 0 0 1012 3780; x_wconf 95' lang='lat' dir='ltr'><strong> </strong></span> 
     </span>
    </p>
   </div>
  </div>
 </body>
</html>
