2016 3780
234 172 508 241 Nnnn'nnno
555 166 665 237 LVI.
784 184 844 259 191

58 279 173 352 noire,
196 286 226 334 et
251 273 383 353 colloqui
403 293 471 334 curn
496 272 613 334 civibus
637 271 698 330 suis
718 269 850 343 liceret,

57 361 111 436 qui
124 359 206 437 capti
221 358 252 413 in
269 355 390 436 publici
406 353 541 412 custodie
555 363 664 412 essem.
682 349 755 411 Esse
771 354 798 409 in
813 353 850 409 lis

53 441 162 518 partim
176 441 344 517 propinquos
362 438 520 515 amicosque
530 455 617 504 euos,
636 430 742 491 nobiles
759 430 849 490 lunt-

57 539 109 580 nes
120 539 132 590 ,·
151 519 277 596 partlm,
300 519 337 575 od
352 536 419 595 quos
435 518 570 574 mundato
587 512 604 571 ἂ
621 513 785 592 propinquis
801 510 850 568 lna·

58 596 164 657 herent.
181 596 295 676 Quibus
308 594 462 654 conventis
475 636 484 664 ,
497 593 565 653 cluo
579 594 681 650 rursus
695 601 849 671 peterent,

58 688 93 735 ut
108 678 166 736 sibi
183 695 255 754 quos
276 674 386 734 vellent
409 694 447 732 ex
469 674 507 733 iis
527 670 694 732 redimendi
707 681 863 808 poteslas·
951 734 956 741 ,

37 753 166 828 ¹fieret3
187 755 258 834 jussi
281 755 401 814 nomina
425 752 537 826 edere.;
566 764 596 811 et
622 753 691 812 cum
727 761 848 812 ucenlos

56 834 152 896 ferme
176 834 319 907 ederent,
343 831 628 894 senatusconsultum
646 831 756 893 lactum
778 841 847 901 est,

62 918 102 978 Ut
127 915 218 995 legati
239 917 361 976 Romani
388 918 522 974 ducentos
548 935 588 972 ex
612 914 752 993 captiuis,
779 929 849 991 quos

43 993 311 1073 ,Carthaginienses
335 994 459 1067 uellent,
485 999 523 1053 ud
542 993 575 1051 P.
605 990 765 1052 Cornelium
786 991 849 1050 Sci-

57 1075 167 1155 pionem
184 1078 211 1133 in
226 1075 349 1145 Africum
362 1079 542 1153 deportarent
554 1096 564 1130 .·
578 1076 794 1151 nunciarentque
805 1072 849 1141 ei,

58 1165 92 1213 ut
106 1198 115 1226 ,
127 1158 152 1214 si
165 1176 229 1235 pax
243 1157 430 1228 conuenisset,
447 1157 508 1215 sine
523 1158 616 1235 pretio
629 1173 675 1214 eos
689 1150 848 1231 Contingi-

58 1234 200 1294 niensibus
216 1239 355 1296 redderet.

99 1335 171 1400 ΧΠ.
188 1335 314 1400 Dimissi
330 1338 366 1398 ab
379 1335 474 1396 Rome
490 1335 579 1397 Carth
617 1336 626 1351 ⁶
651 1337 765 1409 enses,
780 1334 847 1394 cum

51 1417 91 1480 'in
104 1417 232 1478 Africam
249 1419 397 1478 venissent
410 1418 444 1476 nd
457 1417 598 1498 Scipione
666 1417 771 1494 quibus
781 1427 847 1492 ante

58 1495 175 1558 dictum
190 1508 233 1558 est
247 1497 364 1575 legibus
376 1541 384 1571 ,
397 1517 500 1577 pacem
517 1496 659 1557 iecerunt.
673 1497 769 1557 Neues
782 1495 849 1554 lon-

871 1331 978 1381 incensa

863 1402 910 1450 500
932 1407 980 1442 na·

861 1467 913 1500 m.

58 1596 134 1655 ges,
155 1577 352 1658 elephantos,
378 1575 541 1714 perfugas,
567 1576 725 1653 fugitivos,
753 1576 850 1655 cepti·
925 1573 929 1579 ’

58 1677 163 1718 vorum
182 1668 309 1738 quatuor
333 1656 427 1716 milia
452 1656 657 1717 tradiderunt:
683 1657 849 1733 intorques

58 1739 99 1819 Q.
119 1738 279 1798 Terentius
303 1737 409 1800 Culleo
430 1749 547 1797 senator
571 1735 640 1795 fuit.
664 1737 762 1796 Naves
780 1753 850 1814 pro-

55 1829 156 1881 vectos
169 1820 200 1878 in
211 1819 301 1882 altum
311 1816 431 1878 incendi
446 1816 540 1897 jussit.
561 1818 745 1897 Quingentas
758 1815 849 1876 fuisse

58 1901 154 1958 omnis
173 1901 317 1976 generis,
339 1917 403 1977 quae
422 1899 511 1959 remis
530 1910 705 1977 agerentur,
727 1895 850 1976 quidam

59 1974 175 2037 uadunt
196 1999 203 2036 :
227 1997 349 2058 quarum
376 1991 569 2056 conspectum
597 1979 718 2056 repenle
744 1980 851 2036 incen-

59 2055 142 2114 dium
160 2067 221 2116 lam
241 2057 364 2135 lugubre
385 2054 475 2114 fuisso
490 2056 612 2124 Poenis,
640 2054 729 2132 quim
743 2056 794 2114 sii
818 2074 851 2115 sa

59 2133 208 2211 Carthago
228 2138 352 2197 arderet.
376 2134 424 2191 De
446 2132 578 2214 perfugis
593 2133 732 2212 granius,
758 2075 848 2213 quim

58 2215 96 2275 de
123 2213 256 2294 fugitivis
286 2213 453 2289 consultum
479 2235 486 2274 ι
514 2214 645 2274 nominis
668 2212 766 2272 Latini
797 2214 852 2292 qui

58 2308 166 2370 erent,
197 2295 296 2358 securi
320 2293 481 2376 percussi,
511 2294 639 2355 Romani
669 2294 702 2352 in
730 2311 850 2355 crucem
901 2316 905 2324 ’

58 2377 180 2437 sublati.
266 2424 269 2429 .

99 2479 185 2543 XlIl.
210 2479 302 2544 Annis
317 2477 384 2539 ante
401 2476 593 2559 quadraginta
614 2496 672 2559 pax
693 2497 760 2538 cum
775 2477 850 2540 Car·

59 2559 297 2635 thaginiensibus
314 2561 464 2640 postremo
483 2559 561 2620 lecta
583 2568 672 2631 erat,
695 2560 734 2638 Q.
757 2558 849 2618 Luta·

59 2641 124 2710 tio,
156 2642 192 2700 Α.
215 2639 354 2713 Manlio,
381 2638 564 2700 consulibus.
597 2638 715 2700 Bellum
739 2639 849 2698 initum

58 2720 143 2784 annis
160 2730 228 2799 post
245 2719 338 2779 tribus
360 2728 390 2778 et
410 2719 538 2798 viginti,
560 2719 590 2780 P.
608 2716 769 2792 Cornelio,
795 2719 847 2783 Ti.

57 2801 235 2879 Sempronio
249 2797 429 2860 consulibus.
447 2798 505 2876 (8)
517 2799 648 2860 Finitum
663 2809 706 2857 est
719 2798 848 2879 septimo
883 2857 885 2860 ,

58 2869 294 2954 decimonono,
324 2876 382 2940 sn.
407 2880 576 2952 cornelio,
602 2879 634 2938 P.
659 2878 745 2941 AElio
767 2881 847 2941 Paeto

58 2960 236 3024 consulibus.
250 2961 333 3039 Saepsi
347 2959 452 3047 posteo
463 2957 561 3019 lerunt
574 2958 743 3040 Scipionem
758 2958 848 3020 dixis·

54 3059 113 3114 ee,
135 3039 186 3100 Ti.
210 3040 329 3104 Claudii
351 3038 487 3124 primum
507 3039 719 3123 cupiditatem,
741 3037 847 3100 deinde

77 3185 110 3242 3‘8
136 3189 276 3255 (Finitum
298 3205 339 3244 est
353 3192 437 3261 septi·
470 3208 528 3244 mus
541 3208 625 3243 annus
635 3191 757 3259 elapsus,
771 3192 847 3242 etin.

60 3256 225 3310 umdecimo
237 3259 438 3324 an110)1ntelii-
470 3259 587 3323 cipiente
619 3259 724 3316 decimo
749 3261 848 3331 octevq

60 3323 161 3400 gendos
177 3327 353 3407 estseptimus
368 3325 439 3395 deci·v
470 3323 578 3389 finitum
588 3323 701 3392 beilum,

796 3392 953 3552 ’1,

921 3396 933 3423 f
