2016 3780
139 199 182 264 62?
366 186 490 258 Tm
536 187 686 257 Lavit

139 307 183 356 rat
205 294 359 372 legiones,
373 290 459 372 prodi
472 290 502 350 id
513 290 656 372 oppidum
671 299 760 350 retus.
775 288 821 350 lbi
832 287 929 370 legati

141 376 284 463 Campani
315 371 351 430 ad
384 390 451 429 eum
480 382 622 432 venerunt
650 383 807 449 querentes
835 372 931 431 simul

139 467 325 530 urarttesquu.
345 451 462 528 Quibus
484 450 611 509 Annibal
627 448 785 528 magnifice
797 469 928 529 respon-

140 534 207 606 dit,
229 534 367 592 lit—anteo
390 529 504 590 soluisse
528 532 720 603 obsidionem,
742 542 771 589 et
786 552 858 589 nunc
878 535 932 591 ud·

140 626 248 673 tenatur
279 630 357 671 sutem
390 609 517 669 consules
546 628 600 668 nott
630 609 745 670 loturus.
768 610 846 669 Cum
870 610 932 671 hic

140 711 195 771 spe
218 688 333 753 dimissi
358 688 451 767 legati
473 691 526 748 v'rrt
550 689 666 766 regredi
688 689 843 769 Capuam,
866 691 931 769 jam

139 769 253 850 duplici
277 769 356 829 lossd
380 767 527 848 valloque·
541 769 693 841 tinctam,
710 780 885 848 potuerunt.

180 850 248 914 Vll.
269 850 338 914 Jsm
362 848 456 927 ferme
485 849 517 906 in
543 850 627 907 exitu
657 856 852 919 ann'usetat,
871 847 934 908 Ro·

139 950 220 991 rua-m
241 931 319 988 venit
333 928 473 991 Claudius
489 936 521 986 ut
535 928 660 988 comitia
674 926 841 1011 perficeret.
858 927 932 988 Ful-

139 1011 206 1071 'rius
227 1008 264 1069 ad
278 1011 410 1089 Capuam
423 1008 538 1067 mansit
544 1032 553 1079 ς
577 1007 688 1088 prioris
706 1010 777 1067 anrti·
797 1007 932 1067 consuli-¹

140 1088 195 1151 bus
225 1100 415 1170 prorogatum
439 1088 602 1166 imperium
630 1098 697 1159 est3
721 1086 933 1166 adjec'tu‘rnqud

140 1188 178 1228 ne
200 1169 217 1228 s
238 1169 339 1249 Capua
368 1186 455 1246 quum
485 1166 683 1240 obsidebant,
715 1167 931 1240 abscederent,

164 1248 311 1326 riusquam
329 1258 558 1327 expugnassent.
573 1247 616 1307 Ea
641 1258 702 1306 turn
715 1254 786 1307 cura
796 1248 931 1306 maxime

174 1337 272 1386 tentos
301 1326 425 1387 babebat
456 1325 616 1388 Romanos.
654 1328 709 1389 Vis
736 1328 831 1389 omnis
855 1326 933 1390 belli

141 1425 225 1468 uersa
256 1409 290 1466 in
323 1408 460 1488 Capuam
491 1420 563 1468 erat.
599 1406 801 1468 obsidebatur
829 1419 933 1469 tamen

142 1486 261 1561 auritis,
281 1488 368 1567 quim
398 1489 645 1568 oppugnabatur3
675 1506 729 1549 nes
753 1497 800 1547 aut
818 1486 934 1553 fameni

141 1566 269 1629 tolerare
281 1566 399 1627 servitia
418 1588 452 1626 ac
468 1568 550 1647 plebs
570 1576 725 1646 poterant,
744 1578 792 1627 aut
807 1569 933 1629 mittere

143 1647 268 1708 nuncios
279 1644 317 1708 ad
329 1647 503 1706 Annibalem
520 1658 575 1728 per
585 1647 732 1707 custodias
745 1659 804 1706 tam
822 1660 930 1710 arctas.

141 1727 285 1788 inventus
313 1736 377 1787 est?
394 1725 548 1799 Numida,
563 1727 613 1804 qui
646 1728 777 1808 ac'eeptis
794 1727 932 1802 litteris,

141 1826 294 1866 suasurum
318 1824 351 1864 se
373 1804 539 1884 professum
558 1815 589 1864 ut
606 1808 786 1887 proruissent
807 1822 932 1890 presta·

141 1897 185 1946 ret
208 1904 262 1966 per
273 1883 374 1944 media·
385 1884 636 1946 Romanas-castra.
658 1888 754 1946 Nocte
771 1906 932 1965 egressus,

141 1974 225 2047 sp'sm
242 1965 375 2026 aseendit
389 1964 581 2044 Campanis,
602 1962 679 2025 duur
697 1966 807 2045 aliquid
819 1972 931 2031 uirium

142 2058 335 2128 superesset,
360 2045 398 2106 ab
423 2046 505 2107 ontui
536 2044 625 2127 parte'
644 2050 834 2128 eruptionem
864 2061 932 2110 ten-

143 2126 239 2187 tandi.
263 2127 405 2190 Cetertlm
423 2129 455 2186 in
475 2127 577 2189 multis
593 2129 809 2190 certaminibus
823 2147 933 2207 eques-

143 2209 197 2273 tria
217 2209 318 2288 prelia
334 2207 427 2267 lerini
450 2222 594 2291 prospers
617 2206 766 2270 iaciebant
782 2230 789 2270 :
807 2208 933 2291 pedites

143 2289 366 2367 superabantur.

54 2367 132 2417 usitat
149 2379 157 2413 ἓ
185 2366 267 2428 vlt-t.
284 2367 360 2428 Ctlm
376 2368 408 2425 in
429 2367 488 2426 hoc
513 2372 590 2426 statu
606 2367 641 2426 ad
658 2369 792 2450 Capuam
808 2386 858 2428 res
875 2385 924 2425 es·

54 2428 233 2534 meent,
264 2445 437 2505 Annibalem
465 2445 616 2506 diversum
653 2449 819 2509 Tarentina
847 2447 926 2507 a'rcis

54 2562 123 2607 poam
145 2525 297 2604 potiundee
310 2525 655 2607 Capuaequeretinendae
666 2529 819 2589 trabebant
839 2545 928 2589 curae.

54 2606 90 2655 11'2·
144 2606 228 2669 Vicit
249 2618 347 2666 tamen
369 2617 521 2687 respectus
536 2606 676 2688 Capu-ae,
699 2611 734 2667 i'n'
754 2614 838 2687 quam
863 2608 934 2663 oin-¹

144 2687 406 2746 nium-sudorum
424 2687 613 2766 hostiumque
635 2694 791 2749 conversos
810 2682 931 2743 videbar

143 2765 279 2824 animos:
308 2764 485 2824 documento
514 2766 652 2839 lutura,
680 2763 928 2843 qualemcumque
964 2794 967 2798 ·

142 2850 279 2903 etentuttl
304 2842 435 2902 deiectio
454 2845 493 2904 ab
507 2846 647 2906 Romanis
663 2845 822 2904 habuisset:
833 2842 929 2919 igitur

66 2968 70 2973 ,
140 2921 248 2999 ntagbl·
268 2932 353 3002 parte
377 2923 660 3000 impedimentorum
671 2922 776 2981 reticta
790 2922 826 2979 in·
836 2921 936 2982 Brut-.

141 3001 213 3073 tiis,
230 3002 358 3060 et‘omtti
385 3002 520 3079 grauiore
543 3008 655 3060 arresttr
678 3044 687 3071 ‚
713 3020 779 3060 curn
802 3001 934 3064 delectis.

63 3096 66 3102 ’
141 3081 275 3163 peditum
290 3082 483 3161 equitumque
505 3081 594 3160 quim
619 3090 736 3160 poterat
762 3084 928 3163 aptissimis

143 3160 399 3223 armunensem
409 3163 479 3221 iter
493 3192 509 3234 ‚·
518 3161 752 3242 ira-Gampauiam
763 3164 926 3223 contendit.

67 3289 83 3309 ,
140 3239 244 3303 Secuti
262 3254 358 3315 tamen
381 3252 444 3307 tam
466 3245 576 3327 raptim
596 3248 729 3313 euntem·
741 3255 800 3305 tres
816 3255 845 3304 et
872 3245 931 3306 uta

141 3321 451 3404 gtmsetsptuntte·
567 3358 570 3363 ·
788 3355 791 3361 ·
