2016 3780
152 208 219 255 212
352 180 508 264 „Tm
553 179 708 255 Lrvrr

151 286 309 355 menteque
330 275 472 354 aliquot,
507 295 571 359 que
594 278 730 357 prolapsa
756 275 787 337 in
813 279 938 359 rupibus

153 367 237 416 erant
262 399 271 427 ,
306 356 454 435 sequendo
480 357 605 435 vestigia
630 357 755 435 agminis
784 361 816 419 in
842 373 939 422 castra

151 435 322 519 pervenere.
463 452 468 457 ·
717 496 722 507 ,

193 514 294 578 XVII.
312 513 409 575 Fessis
420 513 506 575 taedio
519 525 564 575 tot
580 515 744 589 malorum,
760 517 834 586 nivis
846 521 940 581 etiam

153 614 259 666 casus,
286 594 353 670 (13)
370 592 522 655 occidente
532 598 591 674 jam
607 596 707 660 sidere
714 597 938 676 Vergiliarum,

152 677 304 752 ingentem
336 685 477 734 terrorem
508 668 628 755 adjecit.
660 678 716 736 Per
742 679 842 739 omnia
868 681 939 741 nive

152 754 275 836 oppleta
294 754 361 814 cum
383 755 595 837 siguis—primi
614 757 681 816 luce
698 758 787 818 motis
808 762 941 838 segniter

152 854 259 914 agmen
270 835 446 905 incederet,
470 836 649 915 pigritiaque
671 847 701 896 et
716 837 885 919 desperatio
905 841 939 898 in

80 916 83 921 '
152 916 288 978 omnium
304 915 385 975 vultu
401 916 568 990 emineret3
592 935 769 996 pregressus
783 918 865 997 signa
879 921 943 979 dn-¹

152 996 259 1067 nibal,
289 996 321 1054 in
344 997 546 1073 promontorio
568 995 719 1075 quodam,
751 997 827 1057 unde
849 1001 897 1060 lon
922 1001 940 1060 e

153 1095 187 1136 ac
207 1076 266 1135 late
280 1087 454 1155 prospectus
471 1088 556 1148 erat,
571 1079 735 1137 consistere
750 1079 839 1157 jussis
856 1021 942 1140 nib-¹

152 1157 233 1216 tibus
261 1158 375 1216 ltaliam
392 1167 548 1227 ostentat,
588 1157 796 1238 subjectosque
816 1158 941 1243 Alpinis

153 1238 304 1298 montibus
327 1233 581 1315 Circumpadanos
602 1257 722 1316 campos
747 1260 754 1298 :
784 1243 941 1321 mariaque

153 1339 200 1378 eos
217 1331 275 1377 tum
288 1320 483 1376 transcendere
494 1360 502 1388 ‚
514 1316 670 1377 non'ltalr'oe
681 1320 780 1390 moll,
794 1325 940 1381 sedetiam

152 1396 231 1478 urbis
251 1399 390 1456 Romane.
418 1395 520 1456 Cetera
542 1396 632 1477 plana
655 1442 664 1469 ,
692 1399 827 1479 procliuia
843 1404 939 1469 fore:

152 1500 229 1550 uno,
250 1490 301 1536 out
315 1480 394 1553 (14)
409 1479 544 1537 summitur
567 1479 660 1538 altero
674 1479 772 1558 praelt'o
796 1501 890 1541 arcem
906 1493 939 1542 et

152 1571 236 1639 caput
252 1556 343 1619 ltattae
360 1562 389 1617 r'n
400 1564 485 1617 trouu
499 1579 532 1616 ac
546 1570 687 1636 potestate
703 1558 856 1621 babituros.

192 1638 306 1700 XVlll.
326 1638 487 1713 Procedens
503 1637 574 1696 inde
596 1659 701 1717 agmen
720 1640 814 1719 coepit
833 1664 842 1711 ς
876 1641 936 1718 jam

151 1718 284 1778 nihilne
299 1717 431 1777 hostibus
448 1717 568 1796 quidem
587 1761 597 1787 ,
628 1734 740 1796 praeter
756 1740 843 1797 parva
862 1717 940 1781 furta

151 1817 210 1878 per
232 1799 419 1855 occasionem
446 1838 455 1866 ,
499 1797 689 1856 tentantibus.
712 1799 853 1859 Cetertim
879 1802 939 1857 iter

152 1876 269 1947 multe,
293 1878 380 1952 quam
393 1877 424 1932 in
437 1888 557 1934 ascensu
579 1874 694 1950 luerat,
722 1884 735 1953 (
751 1889 782 1936 ut
797 1880 940 1958 pleraque

152 1954 274 2037 Alpium
291 1957 327 2014 ab
346 1954 436 2014 ltalia
461 1954 720 2030 sicut-breviora,
751 1957 794 2016 ita
813 1964 940 2019 rectiora

153 2038 250 2115 aunt)
273 2035 425 2096 difficilius
449 2033 515 2118 luit.
542 2035 650 2098 Omnis
673 2041 754 2096 enim
782 2037 874 2099 ferme
892 2041 941 2099 via

152 2135 312 2201 praeceps,
338 2126 486 2196 angusta,
511 2116 623 2177 lubrica
643 2128 706 2177 erat
726 2129 781 2179 :ut
796 2120 868 2196 (ιὸ)
885 2138 940 2178 ne-

152 2216 211 2278 que
227 2199 373 2258 sustinere
388 2217 419 2257 se
436 2197 453 2256 a
468 2197 556 2279 lapsu
568 2209 712 2277 possent,
737 2218 791 2257 nec
809 2228 828 2269 ‚·
842 2198 864 2256 sl
885 2199 940 2277 qui

153 2278 304 2361 paulullrm
327 2278 522 2348 titubassent,
549 2278 660 2337 haere're
684 2276 785 2336 afflicti
810 2277 944 2354 vestigio

154 2376 228 2429 suo;
254 2359 364 2434 aliique
377 2375 467 2434 super
484 2356 559 2415 alios
574 2369 604 2414 et
618 2361 752 2436 jumenta
760 2364 789 2414 et
802 2353 942 2418 homiues

154 2436 334 2497 occiderent.
663 2466 666 2473 ·

191 2516 279 2580 XlX.
293 2517 423 2581 Ventum
435 2510 541 2573 deinde
562 2511 597 2573 ad
619 2510 713 2573 multb
734 2514 940 2595 augustiorem

189 2674 219 2724 rb
237 2668 409 2731 (Occidente
419 2668 478 2738 jam
491 2666 529 2720 si·
562 2665 665 2729 cimus,
685 2686 722 2718 ort
737 2665 809 2734 plus.

154 2738 221 2792 dere
234 2736 451 2805 Vergiliarum)
466 2736 528 2788 Ver·
598 2735 627 2786 15
643 2734 653 2799 (
675 2734 776 2802 Neque
795 2731 936 2786 sustinere

154 2805 240 2875 giliae,
255 2804 311 2853 sive
322 2801 452 2867 Pleiades,
468 2815 529 2853 sunt
562 2801 624 2853 sed
641 2801 718 2868 lapsu
729 2814 841 2866 possent
858 2802 868 2866 )
887 2802 938 2852 Ni-

154 2870 239 2922 stellse
266 2880 367 2933 septem
398 2868 427 2917 in
456 2867 528 2919 collo
562 2868 656 2917 mirdm
666 2866 717 2916 n'ec
728 2878 868 2933 poterant,
887 2870 937 2935 qul

153 2938 244 2991 Tauri.
254 2937 372 2987 Occasus
382 2934 528 2995 Pleiadum,
561 2928 697 2998 paululdm
705 2930 860 2985 titubassent
866 2950 937 2998 ,sum
965 2944 973 2959 ·

154 3006 188 3057 de
209 3021 262 3072 quo
278 3001 323 3054 lde
338 3001 390 3071 ugit
413 3001 527 3059 Livius,
562 3001 645 3049 tinere
656 3014 684 3048 se
695 2997 711 3048 t
721 2998 814 3065 lapsu,
835 3015 885 3051 nec
897 3002 937 3052 al·

155 3070 326 3138 contingebat
339 3105 346 3131 ,
369 3067 451 3119 Plinii
469 3082 535 3115 sevo·
562 3064 640 3129 llicti,
652 3066 672 3116 i.
682 3083 705 3115 e.
716 3063 857 3133 postqudm
866 3067 937 3133 lapsi

87 3141 89 3149 '
153 3134 528 3200 111.1dusN0vembris,tpso
561 3131 936 3200 eraunhaererevestigicsuo,

154 3219 230 3259 teste.
340 3204 345 3213 '
455 3224 457 3229 ·
562 3200 618 3250 sive
636 3199 725 3250 locum
743 3215 819 3249 auum
838 3212 935 3253 tenere.

193 3272 394 3338 14(Sunrmltm)
405 3270 447 3323 Ad
458 3285 529 3321 sum·
561 3268 631 3338 llam
667 3267 695 3319 in
726 3267 874 3331 pmcipitia
907 3279 937 3320 st·

154 3357 228 3394 urum
239 3377 247 3406 ‚
269 3339 339 3410 quod
357 3337 465 3412 gallici
487 3336 529 3389 di-
561 3334 671 3401 abrupta
685 3332 903 3392 detenebantur.
