2016 3780
168 460 586 573 NARRATIO
631 459 727 528 LV.

54 631 254 708 Annibalis
277 656 363 704 cum
384 629 562 730 Scipione
583 627 838 730 colloquium,

225 759 261 817 et
287 768 413 845 pugna
436 740 483 813 ad
508 742 675 813 Zamam.

91 1015 357 1091 Carthaginienses,
377 1016 439 1067 ciam
461 1031 563 1066 moram
586 1012 714 1079 temporis
732 1033 841 1082 quare·
855 1043 879 1096 U
889 1061 902 1092 c
932 1056 967 1104 50·

56 1097 133 1148 rent,
157 1083 220 1135 alum
240 1081 362 1134 Annibal
382 1081 412 1134 in
432 1079 563 1146 Africam
583 1081 743 1149 trajiceret,
763 1058 967 1157 lega-„¹0:102¹

48 1167 100 1204 'tos
120 1149 194 1202 alios
214 1147 252 1200 ad
270 1146 428 1215 Scipionem
448 1160 477 1197 ut
495 1146 624 1200 inducias
644 1147 846 1216 impetrarent,

56 1217 130 1271 alios
147 1218 258 1268 Romam
270 1213 308 1265 ad
322 1232 418 1280 pacem
434 1213 579 1282 petendam
596 1213 738 1267 miserant.
758 1215 843 1270 lairia-

24 1295 31 1308 '
57 1285 112 1337 cite
136 1299 293 1344 concessa,
316 1299 385 1350 quas
410 1291 519 1343 lernen,
544 1295 689 1350 postquam
717 1281 843 1336 Annibal

56 1347 233 1408 adventabat,
257 1356 386 1414 ruperunt
412 1362 423 1395 :
447 1346 613 1427 ecpuqqnatis
638 1346 752 1400 nauibus
777 1369 843 1419 qua·

56 1427 221 1468 conuncatus
233 1411 263 1464 in
280 1424 371 1464 castra
387 1412 508 1465 Botriana
517 1411 690 1465 advehebant
705 1436 714 1464 .·
732 1415 844 1486 legatos

56 1498 167 1560 quoque
178 1477 337 1548 &Scipione
350 1475 552 1546 Carthaginem
564 1478 665 1531 missos
678 1517 685 1541 ‚
701 1483 751 1548 qui
762 1483 796 1535 cle
809 1483 845 1534 ed

57 1545 165 1616 injuria
193 1556 362 1604 uererentur,
369 1545 451 1611 propr}
460 1543 639 1596 violaverunt.
649 1545 846 1601 Nihilominus

54 1564 191 1671 Annibal]
192 1623 286 1672 ratus,
305 1609 337 1661 si'
353 1608 483 1680 integer,
502 1629 584 1680 quam
598 1611 625 1665 si
639 1612 727 1665 uictus
736 1625 846 1681 peteret

53 1697 151 1751 pacem
161 1702 177 1741 ,·
189 1676 316 1745 aequiora
331 1673 474 1743 impetrari
481 1694 563 1745 possa
572 1713 580 1739 ,
599 1677 771 1747 colloquium
782 1700 846 1734 cum

56 1745 189 1814 Scipione
196 1742 311 1810 expetit.
318 1742 384 1796 Non
393 1739 526 1795 abnuente
535 1744 665 1804 Romano,
677 1763 740 1798 curn
748 1749 846 1819 singa-

56 1814 94 1869 lis
108 1809 302 1879 interpretibus
316 1807 346 1862 iu
358 1810 685 1879 conspectuexercituum
696 1813 846 1884 congressi

57 1893 128 1934 sunt.
147 1880 220 1932 vTum
234 1874 358 1932 Annibal
377 1874 500 1929 bortatur
520 1876 680 1945 Scipionem
698 1893 727 1932 ut
746 1900 845 1949 pacem

58 1947 142 2014 quaint
153 1944 255 1997 bellum
265 1941 344 1997 ntulit
360 1960 370 1990 .·
390 1942 471 2020 leges
478 1944 562 2018 pacis
574 1947 634 2011 ipse
644 1949 786 2016 proponit⁵
801 1947 846 2000 itti

57 2025 88 2062 ut
106 2011 189 2062 multa
212 2009 246 2061 ele
268 2007 305 2060 iis
329 2006 534 2060 conditionibus
555 2010 714 2072 subtrahat,
744 2012 846 2084 qua-d

58 2075 109 2130 Sci
126 2076 189 2128 ione
198 2072 479 2151 Carthaginiensibus
487 2071 683 2140 latoefuerant.
696 2079 845 2140 Romanus,

60 2160 94 2194 ne
119 2143 160 2193 'ru
182 2139 253 2208 quid
270 2159 330 2192 suis
344 2137 549 2192 conditionibus
563 2137 689 2194 subtrahi
703 2144 826 2209 patiatur
836 2183 845 2211 ,
886 2162 906 2183 ’-

59 2207 148 2278 adjici
164 2205 294 2259 etiamad
307 2223 356 2257 eas
365 2204 500 2271 postulat,
512 2203 545 2256 ob
558 2218 732 2277 expugnatas
744 2230 828 2264 naves
835 2247 845 2275 ,

59 2277 87 2328 le
110 2287 226 2342 mosque
237 2271 354 2326 violatos
363 2288 412 2338 per
426 2269 565 2324 inducias.
583 2274 681 2341 Itaque
694 2292 726 2326 re
738 2274 848 2346 infecta

57 2292 109 2397 σιξ
113 2359 177 2394 suos
199 2356 236 2391 ea
256 2336 398 2406 colloquio
417 2355 448 2389 se
467 2353 637 2407 receperant.
660 2340 779 2395 Postero
796 2344 848 2398 die

57 2409 95 2464 ad
125 2420 264 2462 certarnen
289 2417 395 2457 veritum
423 2417 465 2456 est
527 2403 613 2459 dubia
641 2406 848 2485 aliquantulum

55 2494 150 2553 pagna
163 2471 245 2542 fain·
262 2471 370 2525 tandem
382 2469 450 2527 victi
465 2484 528 2525 sunt
544 2472 563 2526 ὰ
579 2475 710 2530 Roruams
727 2475 849 2539 Cartha!

57 2557 216 2613 ginienses.

60 2670 256 2799 Asana,
269 2744 433 2806 quanquam
449 2740 481 2788 et
495 2727 561 2811 ipso
575 2750 663 2792 causa
678 2730 751 2795 belli
764 2733 845 2815 erat,

56 2823 88 2872 et
104 2809 228 2869 adveatu
250 2826 304 2866 suo
329 2808 494 2870 turbaverat
516 2823 547 2871 et
569 2825 670 2893 pactas
690 2815 848 2892 inducias,

59 2901 89 2950 et
112 2910 194 2970 spem
217 2885 381 2963 ioederum5
404 2900 523 2965 lamen,
546 2894 573 2951 si
594 2896 729 2972 integer,
755 2899 867 2976 quim

61 2972 88 3030 si
113 2972 206 3030 victus
238 2979 355 3048 peteret
379 2986 508 3051 pacem,
538 2975 666 3053 aequiora
692 2979 847 3057 impetrati

63 3067 151 3130 posse
181 3058 284 3120 ratus,
318 3051 458 3113 nuncium
483 3049 518 3110 ad
541 3052 710 3135 Scipionem
738 3059 843 3129 misit,

62 3139 95 3188 ut
121 3124 308 3205 colloquendi
332 3149 432 3192 secum
462 3143 640 3212 potestatem
668 3133 787 3198 faceret.
813 3137 847 3197 Id

61 3208 161 3269 atrum
178 3208 230 3268 sub
252 3221 357 3290 sponte
381 3211 510 3284 iecerit,
542 3232 577 3271 an
602 3215 729 3293 publico
748 3219 847 3277 consi-

59 3288 128 3368 lio,
148 3300 285 3352 neutrum
316 3311 369 3354 cus
397 3290 539 3353 affirmem
565 3293 669 3357 habeo.
704 3297 845 3360 Ceterum

657 3375 724 3436 Ha
