2016 3780
142 92 206 229 18f
342 95 497 208 'Trrr‘
543 134 695 202 L1v11

139 247 220 308 velut
241 245 266 305 si
289 242 402 324 pariter
422 251 561 318 utrosque
584 255 685 296 murus
708 234 853 306 texisset,
880 236 922 296 ita

138 328 276 404 utrinque
298 325 328 382 in
352 341 478 402 pugnam
502 336 675 398 procursum
698 325 753 374 est.
773 315 859 375 Nihil
876 328 922 391 tu·-

139 404 300 466 multuariae
312 399 427 483 pugnae'
439 400 537 458 simile
552 408 632 468 erat,
644 397 745 475 quales
759 396 791 452 iu
807 415 925 476 oppug-

140 484 310 548 nationibus
336 481 454 540 urbium
477 498 530 557 per
552 478 741 538 occasionem
767 477 858 554 partis
887 477 926 535 al-

109 610 115 616 -
140 567 232 626 terius
261 562 376 621 conseri
398 559 494 620 solent
518 579 524 616 :
552 557 603 629 sed
628 558 688 633 (6)
712 557 794 635 justae
817 558 924 630 acies,

102 683 104 687 ,
140 645 221 707 velut
242 643 355 723 patenti
372 657 500 718 campo,
521 639 600 696 inter
621 638 721 696 ruinas
742 637 820 694 muri
837 647 926 697 tecta-

141 723 297 803 queurbis
312 719 430 779 modico
448 717 587 776 distantia
610 713 765 781 intervallo
783 723 926 776 constite.

141 814 216 863 rant.
232 803 314 862 Hinc·
325 818 408 881 spes,
421 798 491 858 hinc
503 796 671 876 desperatio
681 798 795 855 animos
807 797 902 856 irritat
917 818 923 856 :

103 940 108 953 ,
142 884 233 944 Poeno
247 881 361 960 cepisse
383 880 442 957 jam
463 897 496 937 se
515 877 640 948 urbem,
662 876 687 936 si
706 876 859 956 paululbm
877 878 927 937 ad·

104 970 111 1031 ³,
143 964 273 1033 nitatur,
290 959 450 1031 credente3
473 957 642 1035 Saguntinis
663 975 718 1036 pro
732 956 836 1018 nudata
853 978 929 1018 moe·

83 1040 111 1053 ”
144 1042 230 1102 nibus
252 1041 345 1122 patria
369 1057 493 1119 corpora
515 1036 757 1117 opponentibus,
785 1034 840 1099 ne‘c
865 1038 929 1098 ulio

114 1162 117 1170 ,
143 1122 251 1202 pedem
268 1119 435 1191 referente,
459 1137 495 1175 ne
506 1115 624 1177 relicto
641 1117 656 1176 a
676 1135 708 1190 se
725 1117 793 1178 loco
810 1119 927 1179 hostem

144 1204 333 1261 immitteret.
343 1199 446 1279 ltaque
462 1195 520 1274 qnb
533 1195 634 1256 acrisia
649 1208 680 1255 et
690 1197 848 1259 confertim
861 1220 926 1261 ma-

143 1283 190 1359 gis
217 1283 356 1359 utrinque
384 1275 574 1360 pugnabant,
601 1278 637 1336 eb
661 1277 764 1358 plures
789 1282 926 1340 vulnera-

145 1362 266 1432 bantur;
289 1358 372 1419 nullo
389 1359 468 1416 inter
491 1375 576 1415 arma
595 1376 778 1441 corporaque
794 1378 871 1420 vano
884 1361 927 1419 in-

144 1438 307 1500 tercidente
324 1440 395 1499 telo.

165 1553 171 1579 ;
184 1520 268 1583 XIV.
297 1523 353 1597 (7)
376 1514 507 1581 Falarica
527 1529 593 1579 erat
605 1517 777 1598 Saguntinis
790 1563 799 1594 ‚
814 1519 928 1582 missile

145 1599 258 1673 telum,
280 1597 381 1659 hastili
403 1597 549 1676 abiegno,
575 1609 605 1658 et
625 1606 724 1660 cetera
734 1603 839 1673 tereti,
857 1620 929 1684 prae·

124 1714 134 1728 2
146 1691 279 1759 terquam
296 1679 334 1738 ad·
353 1688 539 1748 extremum,
558 1678 633 1737 unde
653 1679 763 1755 ferrum
785 1682 928 1740 exstabat.

146 1759 200 1830 ld,
223 1761 299 1819 sicut
316 1759 348 1815 in
364 1758 445 1836 pilo,
460 1757 631 1835 quadratura
653 1771 700 1818 stu
724 1760 765 1839 pa
781 1761 932 1820 circumli-

148 1838 273 1918 gabant,
297 1835 484 1912 linebantque
503 1837 582 1916 pice.
604 1839 664 1916 (8)
687 1779 810 1899 sistrum
832 1851 930 1899 autem

148 1929 208 1978 tres
235 1916 355 1993 longum
386 1915 514 1995 habebat
536 1914 654 1996 pedes,
687 1929 721 1978 ut
745 1939 813 1978 curn
840 1923 931 1980 arrnis

148 1994 319 2074 transfigere
351 2012 458 2074 corpus
490 2006 597 2076 posset.
638 1999 694 2060 Sed
719 1997 749 2060 id
774 2000 929 2070 maximis,

149 2079 266 2138 etiamsi
287 2075 418 2137 haesisset
436 2076 468 2134 in
485 2087 592 2150 scuto,
619 2098 674 2139 nec
695 2092 878 2162 penetrasset
899 2083 931 2143 in

149 2176 257 2239 corpus
269 2201 279 2231 ,
292 2175 432 2237 pavorem
444 2155 594 2231 faciebat,
608 2161 684 2239 quod
696 2207 704 2231 ,
719 2161 786 2222 cbm
799 2161 930 2220 medium

149 2256 305 2299 accensum
316 2237 751 2322 mitteretur,<conceptumque
773 2241 838 2321 ipso
849 2253 930 2300 motu

149 2317 243 2377 multi>
270 2320 411 2394 majorem
441 2319 542 2395 ignem
567 2318 683 2395 ferret,
722 2341 801 2381 arrna
832 2323 930 2380 omitti

151 2398 296 2475 cogebat,
324 2398 491 2475 nudumque
510 2397 641 2459 militem
658 2399 711 2460 sad
739 2400 930 2479 insequentes

150 2476 228 2538 ictus
241 2474 414 2557 praebebat..

191 2557 260 2621 XV.
284 2555 359 2617 Cim
374 2575 446 2635 ergo
460 2553 511 2615 diu
523 2574 631 2639 anceps
643 2557 748 2620 fuisset
761 2572 929 2633 certamen,

151 2645 181 2695 ct
204 2635 391 2713 Saguntinis,
413 2639 481 2716 quia
506 2649 615 2719 praeter
634 2657 717 2719 spem
739 2642 939 2712 resisterent,-

151 2717 311 2776 crevissent
334 2717 425 2774 animi
440 2741 456 2787 ;-
470 2718 596 2791 Poenus,
620 2722 689 2797 quia
708 2740 766 2778 non
790 2723 932 2787 vicisset,

151 2813 207 2877 pro
229 2793 309 2853 victo
331 2806 410 2852 esset
422 2819 432 2867 3
464 2795 623 2858 clamorem
641 2800 767 2880 repente
788 2797 936 2881 oppidani-

185 2913 202 2965 6
217 2906 324 2975 (Justae
339 2905 437 2974 acies)
459 2909 526 2974 Quae
559 2924 642 2962 turres
666 2912 759 2978 lignee
780 2911 930 2976 militares,

151 2979 207 3049 jure
233 2974 286 3026 dici
301 2985 421 3038 ‘possent
445 2975 525 3026 acies.
560 2977 629 3026 unde
643 2978 693 3028 teta
708 2977 885 3029 mittebantur.

153 3048 333 3113 Opponuntur
344 3037 431 3118 justoe
449 3041 525 3094 acies
591 3042 607 3090 8
628 3041 758 3104 (Ferrum
770 3056 860 3096 autern
876 3059 932 3097 tres

154 3127 180 3166 et
191 3107 366 3166 usumfructum
375 3126 411 3176 pu
434 3127 478 3161 na.
562 3105 674 3177 longum
691 3108 805 3161 habebat
842 3112 930 3177 edes)

187 3198 202 3245 7
225 3175 392 3245 (Falarica)
411 3123 473 3229 floc
490 3189 528 3228 te.
560 3172 679 3243 falarica
700 3177 794 3228 ferrum
822 3133 934 3230 ffabebat

142 3247 228 3309 ·lurn,
242 3257 307 3296 teste
317 3243 412 3306 Festo,
428 3260 528 3297 nomeu
560 3240 669 3310 longum
692 3258 744 3296 tres
768 3247 854 3311 pedes.
886 3245 932 3300 Sic

154 3311 234 3366 habet
253 3310 369 3380 a‘falis,
392 3328 449 3381 quaa
466 3325 528 3368 sunt
560 3311 661 3379 passim
673 3313 790 3384 loquitur
803 3314 907 3368 Livius.
