2016 3780
174 206 237 252 τοο
397 183 523 252 T1r1
571 185 730 253 L1v11

171 289 351 367 usurpatione
373 286 553 348 abstinerent.
579 287 701 347 Sensdre
730 286 819 346 etiam
841 286 961 350 barbari

170 366 405 446 magnitudinem
422 369 533 441 animi;
561 371 642 448 cuijus
665 368 811 428 nsiraculo
827 372 963 432 nominis

171 447 225 508 alii
244 446 381 514 mortales
406 459 582 526 stuperent,
611 448 639 506 id
654 452 666 523 (
681 452 739 524 ιι)
764 469 803 507 ex
820 460 881 508 tam
900 451 964 510 alto

172 527 291 604 fastigio
306 528 498 604 aspernantis.
519 528 605 585 Dona
620 527 687 587 indd
709 528 824 607 regulis
843 532 964 608 princi.

171 607 320 689 pibusque
339 605 537 686 Hispanorum
560 606 652 667 divisa
682 614 703 680 ,'
732 621 821 668 etex
848 612 964 689 magua

173 707 210 747 co
235 687 263 745 ia
290 697 442 766 captorum
469 707 611 765 equorum
645 699 792 748 trecentos
829 733 838 763 ,
883 708 982 771 quos·

173 707 287 836 vellet,
310 767 422 844 eligere
440 767 599 827 Indibilem
618 769 713 847 jussit.
864 786 867 793 ·

46 879 164 932 Massiva
212 846 298 910 Xlll.
321 848 398 912 Cbm
424 845 507 906 Afros
533 847 674 907 venderet
690 851 772 929 jussu
795 848 964 929 imperato-

44 946 77 987 aa
105 942 160 992 Sci.
173 926 215 995 ris
231 939 382 1006 quaestor,
410 946 533 1008 puerum
550 928 683 988 adultum
703 929 783 986 inter
796 949 848 988 eos
865 931 961 992 formd

41 1003 138 1062 pionem
150 1003 162 1050 l
174 1008 284 1087 insigni
300 1052 309 1080 ‚
339 1007 406 1067 culm
423 1009 551 1070 audisset
566 1009 642 1086 regii
658 1009 776 1086 generis
794 1029 884 1083 esse,
924 1013 961 1072 ad

44 1062 161 1170 gioessf,
173 1091 345 1171 Scipionem
371 1089 462 1149 misit.
494 1091 590 1168 Quem
614 1088 682 1149 edm
713 1102 966 1171 percunctaretur

45 1182 112 1233 riser.
174 1172 275 1251 Scipio
292 1215 300 1242 ,
317 1172 406 1250 quis,
426 1180 455 1227 et
470 1171 568 1249 cujas,
591 1183 620 1230 et
635 1173 723 1231 curid
736 1173 832 1230 atatis
849 1174 880 1230 in
895 1194 961 1232 cas·

173 1256 227 1311 tris
236 1254 370 1322 fuisset,·
405 1247 558 1310 Numidam
583 1273 643 1311 esse
656 1270 669 1323 ·,
699 1254 742 1310 uit
760 1273 771 1308 .·
797 1250 960 1313 Massivam

170 1332 320 1412 populares
340 1350 445 1387 vocare.
466 1328 571 1390 Orbem
584 1331 600 1388 ὰ
614 1343 697 1410 patre
709 1331 841 1391 relictum
859 1375 868 1404 ,
884 1337 960 1413 apud

135 1465 136 1468 ,
171 1425 326 1471 maternum
339 1431 419 1469 avum
435 1406 539 1469 Galam
554 1432 649 1493 regem
671 1411 858 1471 Numidarum
875 1417 960 1472 educ-

114 1508 116 1513 ’
173 1507 231 1551 tum
250 1535 260 1563 ,
289 1511 350 1549 cum
373 1489 507 1548 auunculo
524 1491 704 1564 Masinissa,
729 1493 777 1572 qui
793 1513 884 1572 nuper
897 1516 960 1552 cum

170 1577 299 1652 equitatu
315 1567 437 1630 'subsidio
457 1568 734 1650 Carthaginiensibus
749 1575 898 1645 uenisset,
929 1577 959 1632 in

171 1652 341 1728 Hispaniam
354 1653 508 1732 trajecisse.
526 1650 699 1711 Prottbmm
713 1663 830 1731 propter
845 1665 957 1712 atatem

171 1732 189 1789 d
215 1733 404 1801 Masinissa,
435 1752 575 1812 nunquam
598 1729 663 1792 autb
687 1732 818 1811 pralium
851 1736 956 1793 iniisse.

170 1812 214 1870 Eo
229 1816 339 1890 dieque
351 1823 581 1888 pugnaturorum
595 1812 728 1870 Romanis
744 1824 818 1872 esset
833 1855 842 1885 ‚
873 1817 954 1872 inscio

172 1891 323 1961 avunculo,
352 1888 423 1946 ctum
433 1894 520 1949 armis
533 1911 655 1972 equoque
668 1904 778 1970 sumpto
794 1937 803 1966 ,
826 1896 857 1952 in
868 1897 948 1952 au'em

172 1971 267 2031 exisse
287 1968 354 2030 :ibi
371 1969 502 2048 prolapso
529 1991 597 2051 equo
615 1970 730 2047 effusum
755 1975 784 2031 in
803 1992 949 2054 preceps,

172 2064 282 2132 captum
300 2049 335 2109 ab
353 2050 486 2110 Romanis
502 2071 570 2109 esse.

56 2135 159 2209 ⁸ttena't-
213 2131 298 2195 xtv.
316 2129 419 2209 Scipio
435 2132 502 2189 edm
519 2129 659 2190 asservari
676 2130 835 2192 Numidam
853 2131 954 2214 jussis·

40 2205 142 2302 {5125}ss
170 2223 216 2272 set
232 2257 241 2283 ‚
257 2230 326 2291 quae
342 2229 397 2290 pro
411 2209 549 2269 tribunali
566 2209 675 2290 agenda
691 2222 793 2283 erant,
816 2214 953 2293 peregit:

41 2272 157 2364 aeganae.
171 2291 242 2351 indb
262 2292 329 2352 cum
358 2310 388 2351 se
404 2289 437 2348 in
460 2293 629 2370 pretorium
655 2291 844 2373 recepisset,
871 2311 956 2352 vocs·

40 2379 115 2444 aarum
170 2383 231 2431 tum
268 2389 335 2430 eum
361 2372 554 2445 interrogat,
592 2370 711 2431 velletne
740 2377 778 2431 ad
811 2373 956 2434 Masinis·

38 2431 130 2542 mm
169 2475 230 2512 sarn
262 2452 361 2510 reverti
391 2454 400 2510 l
436 2451 513 2511 cum
540 2449 644 2511 effusis
674 2450 785 2529 gaudio
807 2451 954 2535 lacrymis

133 2527 141 2543 ’
168 2552 267 2612 cupere
280 2531 340 2591 verb
356 2574 365 2603 ‚
393 2527 531 2603 diceret,
554 2541 615 2591 tum
629 2531 723 2612 puero
740 2530 883 2592 annulum
903 2554 955 2596 au·

167 2633 272 2686 reum,
291 2613 419 2671 tunicam
436 2611 495 2672 lato
512 2608 671 2673 clavocum
685 2612 817 2692 Hispano
834 2616 954 2692 sagulo,

167 2704 199 2752 et
219 2711 308 2751 aurea
334 2690 451 2765 fibula,
490 2711 656 2772 equumque
676 2704 811 2753 ornatum
836 2694 954 2769 donat,

165 2773 312 2855 jussisque
329 2771 468 2850 prosequi
484 2772 579 2850 quoad
598 2774 688 2833 vellet
707 2773 882 2850 equitibus,
910 2775 955 2837 di·

166 2853 259 2913 misit.
284 2851 333 2908 De
355 2849 435 2910 bello
461 2850 533 2910 indb
552 2856 712 2914 consilium
735 2854 873 2914 habitum
898 2865 954 2916 :et

105 2954 107 2960 ·
165 2930 333 2996 auctoribus
349 2930 546 3010 quibusdam,
577 2945 610 2995 ut
631 2934 787 2996 confestim
802 2934 955 2998 Asdruba-

34 2036 41 2059 l

166 3092 358 3156 abstinerent)
380 3090 485 3142 Nomen
501 3090 542 3156 ip·
574 3090 625 3162 gio
640 3094 650 3159 )
667 3093 751 3160 Quasi
769 3110 801 3144 ex
822 3093 881 3148 alto
897 3096 954 3148 dee

166 3179 225 3215 sum
236 3162 301 3228 regis
313 3159 363 3209 sibi
376 3158 501 3212 defferre.
514 3174 541 3208 se
574 3159 700 3225 picientis
713 3197 719 3222 ‚
742 3159 820 3228 hujus
830 3165 953 3214 nominis

165 3230 275 3281 nomine
293 3228 359 3296 regis
380 3225 541 3293 compellare
574 3229 800 3296 magnitudinem,
828 3230 955 3283 velutin.

166 3313 200 3349 ue
217 3295 323 3344 vellent.
574 3293 649 3346 irase
663 3295 786 3361 positam.

203 3377 229 3409 tt
247 3363 256 3426 (
267 3363 315 3413 Ex
325 3374 379 3413 tarn
392 3357 541 3433 altosastt'-
