2016 3780
137 186 206 236 202
366 156 493 228 T1rr
538 154 694 227 L1v11

138 269 194 328 rei.
213 260 363 344 Quidam,
380 260 567 340 congregatis
581 259 614 319 ad
629 261 676 342 rip
738 236 924 342 eldphantis,

137 345 257 413 tradunt
270 341 486 403 ferocissimum
499 342 586 401 exiis
600 342 685 401 irrita
699 361 747 401 um
760 343 795 411 ab
807 355 924 404 rectore

138 446 214 500 suo,
235 426 302 486 etim
316 421 511 500 refugientem
523 420 555 480 in
567 441 672 500 aquam
684 434 801 482 nantem
818 443 924 502 seque·

138 516 240 579 retur,
255 503 378 565 traxisse
388 520 527 580 gregem3
545 504 603 578 (8)
615 513 647 561 ut
657 522 803 582 quemque
816 505 925 564 timen-

139 598 201 650 tem
229 583 415 657 altitudinem
448 581 619 642 destituerat
643 581 779 657 vadum,
810 584 925 667 impetu

140 668 209 749 ipso
224 664 355 726 fluminis
369 665 402 722 in
414 661 538 721 alteram
548 663 646 743 ripam
661 665 805 743 rapiente.

149 813 155 819 ,
180 746 246 817 Vll.
268 744 407 807 Ceterum
426 742 520 820 magis
536 753 668 817 constat,
692 743 803 804 ratibus
816 747 924 826 trajec-

140 838 207 887 tos:
232 828 288 906 (9)
310 822 365 896 id,
387 832 420 883 ut
434 825 527 882 tutius
543 823 702 883 consilium
718 835 785 882 ante
801 844 864 886 rem
879 825 938 901 ἰο-Ι

138 917 204 978 ret,
221 903 259 966 itt
276 949 285 978 ‚
301 904 366 965 actd
383 925 414 963 re
430 947 438 975 ,
456 902 492 965 ad
505 899 594 962 fidem
634 904 734 964 tonius
749 915 802 963 est.
819 904 924 967 Ratem

139 1005 229 1053 uuam
259 985 399 1045 ducentos
424 984 454 1044 lo
564 923 681 1064 pedis,
712 985 926 1066 quinquaginta

139 1067 252 1139 latam,
269 1064 285 1125 a
301 1064 378 1126 terri
396 1064 426 1123 in
446 1064 475 1124 a'
515 1084 563 1122 em
576 1076 772 1144 porrexerunt
789 1087 795 1123 z
813 1088 925 1146 quam,

140 1149 179 1209 tie
206 1146 334 1208 secunda
353 1145 426 1224 aquit
450 1144 638 1218 deterretur,
662 1145 795 1226 pluribus
819 1147 926 1207 validis

140 1226 314 1290 retinaculis
328 1238 410 1305 parte
424 1226 576 1306 superiore
588 1227 660 1306 ripae
671 1223 841 1305 religatam,
855 1248 928 1308 pon-

141 1309 180 1368 tis
204 1310 236 1366 in
256 1306 378 1366 modum
400 1305 490 1365 humo
508 1306 617 1386 injecta
634 1317 875 1379 constrauerunt,
895 1319 926 1367 ut

140 1387 252 1450 bettuoe
269 1385 409 1448 audacter
420 1385 500 1445 velut
514 1406 568 1466 per
586 1388 683 1446 solum
693 1386 925 1467 ingrederentur.

140 1469 244 1532 Altera
264 1467 336 1527 ratis
355 1468 441 1545 aeque
461 1465 541 1539 lata,
564 1466 651 1545 longa
670 1467 759 1550 pedes
784 1481 926 1542 centum,

141 1549 178 1610 ad
209 1545 416 1628 trajiciendum
441 1544 550 1607 flumen
573 1561 665 1628 apta,
696 1549 766 1608 huic
790 1549 928 1631 copulata

140 1636 205 1701 est:
224 1639 253 1687 et
269 1628 337 1688 cirm
353 1627 504 1709 elephanti
518 1647 572 1708 per
585 1629 721 1689 stabilem
737 1641 828 1689 ratem
842 1675 850 1702 ‚
864 1643 928 1689 tan·
994 1672 996 1677 ,

141 1721 229 1791 quam
242 1711 341 1783 viam,
358 1708 618 1790 pregredientibus
635 1708 771 1783 feminis,
796 1712 878 1784 acti,
895 1711 929 1769 in

141 1792 288 1851 minorem
311 1789 490 1869 applicatam
506 1791 680 1865 transgressi
695 1801 761 1848 sunt
778 1815 786 1862 3
814 1803 928 1851 extem-

141 1871 195 1952 plo
210 1869 347 1928 resolutis
363 1912 372 1938 ‚
392 1868 499 1945 quibus
514 1866 621 1926 leviter
635 1887 748 1930 annexa
762 1882 846 1943 erat,
865 1873 930 1930 vin·

94 1956 96 1963 '
144 1948 241 2021 culis,
267 1948 304 2008 ab
327 1945 468 2008 actuariis
485 1943 598 2024 aliquot
613 1949 738 2009 navibus
756 1947 790 2007 ad
805 1950 930 2012 alteram

143 2030 240 2109 ripam
262 2025 451 2111 pertrahitur.
485 2025 528 2086 lta
552 2026 660 2106 primis
684 2029 849 2108 expositis,
874 2031 930 2092 alii

144 2107 250 2170 deinde
267 2107 390 2190 repetiti
404 2125 438 2168 ac
454 2108 570 2186 trajecti
588 2119 664 2169 sunt.
682 2109 768 2172 Nihil
785 2112 853 2170 sane
867 2122 942 2175 tre--

96 2203 99 2207 ’
143 2190 306 2274 pidabant,
322 2188 415 2251 donec
427 2189 593 2248 continenti
610 2190 690 2251 velut
702 2201 792 2273 ponte
806 2212 930 2270 ageren-

144 2283 202 2332 tur.
219 2272 336 2332 Primus
358 2280 422 2331 erat
443 2277 558 2351 pavor,
585 2269 653 2332 crim
677 2274 743 2350 (ro)
775 2272 871 2332 soluta
892 2274 930 2333 ab

144 2354 253 2414 ceteris
274 2362 335 2433 rate
358 2351 390 2410 in
412 2348 503 2410 altum
520 2363 702 2432 raperentur.
724 2351 771 2412 lbi
790 2364 929 2430 urgentes

179 2470 195 2520 8
227 2468 267 2520 'Ut
277 2485 411 2538 quemque
423 2464 521 2518 timen-
554 2481 613 2535 qum
623 2467 654 2518 ad
666 2479 767 2531 partem
776 2469 840 2534 ripae
850 2483 928 2548 eupe-

145 2546 200 2591 rem
237 2535 322 2586 'Prout
338 2535 448 2603 quisque
466 2531 521 2582 ele·
552 2535 648 2585 riorem
660 2533 766 2604 alligata
782 2533 928 2587 immobrlis

145 2603 305 2670 phantorem
316 2601 414 2652 timens
432 2598 521 2651 altitu·
552 2614 704 2653 remaneret.
712 2602 749 2654 At
759 2602 884 2670 Polphius
896 2603 929 2655 de

145 2672 235 2722 dinem
248 2685 340 2738 aqum,
357 2665 453 2721 dvado
465 2667 521 2719 dee·
553 2668 645 2721 eadem
669 2688 696 2720 re
719 2685 817 2740 agene,
841 2670 929 2737 plures

146 2737 296 2788 timebatur.
547 2736 929 2799 ·fuiseeratesmemomt‚cdm

179 2819 198 2868 9
218 2802 267 2866 (Id
279 2815 307 2851 ur
318 2801 420 2866 tutius)
435 2800 463 2851 ld
475 2814 520 2866 ut,
554 2807 622 2857 inter
634 2822 662 2856 se
673 2817 731 2859 tum
741 2805 773 2857 ad
787 2805 870 2868 ripam
881 2822 929 2856 va·

147 2881 208 2923 ante
216 2878 270 2920 rem
281 2879 382 2929 actam,
393 2866 474 2924 tutius
483 2869 522 2918 vi·
554 2872 607 2924 lite
618 2871 746 2938 religetur.
761 2871 850 2921 Possis
861 2887 929 2938 quo-

145 2936 202 2991 deri
212 2932 353 2985 consilium
361 2931 522 2993 debemuita
555 2955 604 3006 qne
617 2954 712 2990 vocem
722 2935 815 2987 referre
826 2938 929 3001 cereris

147 2997 523 3065 puneetmactaresmemo-
554 3005 587 3054 ad
611 3003 783 3068 elephantos,
807 3003 836 3052 in
855 3003 929 3057 hunc

148 3065 459 3134 rarunprobabtttusest.
470 3064 522 3114 tale
555 3067 663 3119 modum
673 3089 680 3116 ε
689 3069 751 3119 ciam
764 3069 856 3121 soluta‘
866 3085 929 3124 mre

149 3148 224 3195 estut
234 3134 304 3189 credi
315 3128 520 3206 sacitttrpoeqir.
553 3134 693 3188 abceteris
701 3135 848 3202 elephantis
855 3138 928 3190 avul-

184 3222 215 3259 ιο
231 3200 344 3268 (Soluto⁴
358 3198 391 3251 ab
398 3198 517 3263 ceteras)
554 3202 590 3262 si,
602 3200 632 3254 in
640 3201 725 3256 altum
735 3220 840 3257 amnem
851 3223 929 3274 rape·

147 3263 520 3338 uete)Supri.uniuetenttim
553 3282 655 3322 rentur.

147 3339 210 3396 ratis
229 3337 333 3396 mentio
358 3333 428 3391 lacta
450 3332 521 3404 luit,
