2016 3780
207 188 488 257 Nsnnsnso
536 176 695 248 XLIV.
778 203 842 266 117

58 292 258 377 prerogativae
278 289 491 349 *auctoritatem
521 284 688 351 consules,
724 291 842 358 postero
918 314 922 342 r

57 377 105 434 die
124 379 156 433 in
174 373 336 443 concione,
358 367 446 445 quiin
467 365 537 424 forti
560 361 701 440 fidelique
718 359 842 418 duorum

57 457 208 536 precipue
224 453 388 530 legatorum
408 445 500 528 operi
517 446 564 505 usi
584 451 698 514 essent,
711 459 843 500 comme-

57 547 216 596 morantes.

58 653 120 715 cio,
149 652 193 719 qni
212 649 367 700 videbantur
384 663 433 712 po·
466 659 551 705 trare,
570 656 698 709 quosnam
717 633 854 690 consules

57 720 121 786 puio
133 718 225 786 praeire
245 729 271 768 et
288 731 434 782 praemons-
467 712 552 764 fecere
564 709 677 763 deberet.

53 861 840 910 mar-...zm

137 968 833 1104 nnnnnnroxLV.·

56 1167 183 1241 Tertia
192 1154 380 1267 Scipionis
395 1163 584 1266 expeditio
599 1162 637 1235 in
648 1157 840 1261 Hispania.

277 1332 471 1424 Pe'llrintur
500 1348 615 1422 Poeni.

52 1640 56 1647 ¹
90 1646 203 1716 Scipio,
226 1649 288 1698 cnm
308 1645 345 1698 ad
366 1663 427 1696 cnm
439 1641 522 1715 fania
534 1641 687 1711 comparati
705 1643 725 1694 ιὶ
743 1641 841 1694 Poenis
854 1661 967 1722 &544

56 1713 199 1766 escer'citris
217 1713 255 1765 ad
273 1711 375 1763 bellum
394 1710 601 1762 instaurandum
617 1709 726 1778 perlata
750 1720 823 1759 esset
833 1743 840 1769 ,
854 1724 905 1772 mc,
915 1718 984 1772 206,¹

54 1779 207 1833 contractis
224 1778 349 1847 undique
369 1777 508 1838 auxiliis,
524 1788 561 1827 ‘ut
579 1773 654 1826 hosti
673 1770 838 1844 perforet,

54 1846 88 1897 ab
109 1847 265 1898 Tarracone
286 1845 324 1897 ed
340 1844 484 1896 Boeculam
499 1841 687 1920 progreditur.
702 1842 765 1902 lbi,
781 1855 840 1893 ten-

54 1912 120 1965 tatis
140 1913 257 1978 pnirnism
299 1930 330 1962 er
350 1911 424 1963 lenia
446 1924 598 1962 certarrrrna
616 1909 739 1970 viridas,
760 1908 838 1960 ambo

57 1977 195 2028 exercitus
215 1932 345 2045 proeii'nnr
366 1989 571 2030 conseruerunt.
605 1975 686 2027 Victi
709 1974 793 2025 Paeni
811 1986 840 2025 et
875 2015 880 2020 .

56 2040 86 2094 in
105 2056 196 2093 castra
211 2045 269 2094 conr
288 2044 346 2095 nisi
359 2053 430 2093 sunt.
449 2040 544 2107 Scipio
558 2038 710 2157 suffientcs
723 2040 840 2092 adsccn-

57 2120 100 2158 tos
129 2107 222 2159 coedit.
280 2109 306 2160 ic
333 2107 516 2173 Hispaniam,
547 2105 672 2158 excusis
700 2106 731 2165 in
754 2118 840 2159 totum

54 2172 231 2242 possessione
253 2174 312 2242 ejus
331 2171 475 2235 hostibus,
493 2171 606 2241 recepit.

57 2300 179 2416 POST
198 2354 276 2414 Livii
294 2353 479 2435 Neronisque
499 2350 742 2434 expeditionem,
772 2375 840 2416 cum

56 2437 201 2498 Annibale
223 2447 252 2494 et
277 2434 470 2508 consulibus,
497 2436 572 2495 nibil
601 2457 765 2518 perunum
788 2457 840 2495 an·
955 2494 958 2499 ,

57 2537 127 2575 num
148 2517 190 2576 rei
212 2526 328 2594 gestum
350 2527 404 2575 est.
436 2517 512 2577 Nam
534 2537 628 2598 neque
651 2521 715 2599 ipse
734 2514 840 2594 ‘se-ob-
911 2525 913 2530 ’

57 2598 128 2655 tulit
147 2598 180 2655 in
199 2607 259 2656 tem
282 2597 395 2654 recenti
417 2598 538 2655 vulnere
565 2597 686 2678 publico
708 2600 839 2678 privato-

56 2698 138 2756 que,
162 2696 257 2755 neque
287 2675 480 2736 lacessierunt
513 2680 648 2755 quietum
678 2678 802 2739 Romani
829 2697 837 2738 τ

56 2767 164 2816 tantam
180 2759 277 2818 inesse
291 2755 373 2829 vim,
398 2759 453 2816 etsi
475 2759 571 2816 omnia
588 2758 645 2817 alia
667 2760 748 2820 circi
769 2778 838 2820 eum

56 2851 195 2913 ruerent,
216 2839 324 2896 inuno
343 2836 396 2894 illo
418 2838 491 2897 duce
511 2839 679 2900 censebant.
703 2842 747 2901 Ac
771 2861 839 2900 nes-

55 2920 105 2980 cio
123 2940 159 2978 an
174 2917 341 2980 mirabilior
356 2916 483 2978 adversis
496 2920 584 2997 quim
598 2921 733 2981 secundis
752 2923 839 2980 rebus

56 2996 155 3060 fuerit.
184 2997 308 3080 Quippe
330 2999 403 3077 qni,
431 2999 497 3059 cdrn
515 3013 544 3060 et
560 3003 592 3059 in
608 3001 738 3069 hostium
762 3000 839 3060 terri
911 3066 914 3076 ¹

55 3098 111 3158 per
139 3100 227 3140 annos
250 3077 419 3153 tredecim,
448 3092 508 3139 tarn
532 3083 639 3162 procul
665 3083 703 3141 ab
728 3080 838 3154 dorno,

56 3157 136 3217 varii
152 3158 269 3218 fortuni
290 3158 400 3218 bellurn
423 3173 541 3237 gereret
556 3163 688 3222 exercitu
705 3182 763 3221 non
785 3182 839 3220 suo

57 3239 160 3312 civili,
184 3238 237 3298 sed
261 3240 349 3319 misto
370 3260 408 3297 ex
430 3242 596 3303 colluvione
615 3244 747 3301 omnium
767 3261 839 3320 gen·

58 3320 153 3394 tium,
179 3319 285 3402 quibus
306 3339 365 3382 non
383 3319 452 3399 lex,
475 3327 534 3384 no'n
550 3342 638 3398 mos,
662 3343 721 3385 non
736 3324 838 3402 lingua
