2016 3780
183 120 457 190 Nrnnrrro
504 112 716 187 XXXlX.
797 137 840 200 27

53 223 176 295 ocoieis.
207 221 334 283 Annibal
360 219 391 280 id
422 220 562 283 damnum
588 217 664 278 lraud
692 217 841 295 egerrime

54 307 116 384 pati
131 326 144 363 λε
160 304 242 381 ‚quin
262 301 362 383 potitis
381 299 506 362 credere
531 344 540 374 ‚
581 297 661 358 velut
683 297 843 357 inescatam

53 388 253 452 temeritatem
286 383 412 445 hostium
438 399 513 442 esse.
543 378 647 457 ltaque
680 376 775 438 locum
811 385 843 434 et

55 474 171 543 tempus
191 459 311 531 insidiis
330 472 429 542 aptum
447 481 479 521 se
497 460 605 521 habere
625 468 703 516 ratus
722 502 730 530 ‚
755 466 843 515 nocte

55 542 193 691 proximi
209 540 287 611 nihil
309 552 417 622 preter
427 561 509 601 arma
527 539 655 601 ferentes
666 556 767 597 secum
787 537 845 595 mi·

70 635 125 681 rtee
141 621 253 682 ducens
267 666 283 694 ‚.
298 632 391 683 castra
403 621 492 704 plena
507 626 519 697 (
536 638 554 701 9
569 621 581 696 )
594 619 691 677 omnis
714 616 843 676 iortunoe

55 703 185 784 publicae
200 702 377 782 privateque
401 700 562 779 relinquit,
592 711 729 778 transque
739 696 843 778 proxi-

55 801 120 857 mos
144 793 260 854 montes
288 781 357 843 laevri
382 781 498 861 pedites
525 784 682 839 instructos
706 775 844 849 condit,

55 860 319 940 dextri-equites:
338 861 438 921 crebri
454 861 553 921 relicti
571 859 603 929 iq
620 858 843 936 custrisignes:

55 952 87 1015 pt
104 939 175 1001 fides
190 938 296 1013 tieret,
314 940 384 1003 dum
395 943 468 1023 ,ipse
485 938 604 1018 longius
621 938 750 1020 spatium
771 936 842 1015 fuge

79 1020 252 1100 reciperet,
280 1021 351 1082 fatet
367 1022 498 1102 imagine
517 1031 681 1081 castrorum
700 1030 800 1079 tenere
812 1019 845 1076 in

56 1040 133 1169 focis¹
146 1099 281 1169 cernulus
293 1103 429 1165 voluisse.

97 1178 181 1251 Xlll..
196 1181 253 1255 0,ὺί
266 1180 366 1240 illuxit
378 1227 388 1254 ,
403 1180 557 1243 subducte
569 1179 668 1259 primi>
680 1177 820 1237 stationes
832 1219 843 1248 ‚

55 1254 293 1340 'deindepropiirs
305 1260 478 1323 adeuntibus
491 1306 500 1335 ‚
527 1258 679 1322 insolitum
692 1256 844 1318 silentium
921 1309 923 1312 Α

58 1338 282 1403 admirationem
301 1339 382 1403 lecit.
396 1343 467 1405 Jam
483 1342 555 1401 satis
575 1337 843 1420 compertisolitu·

59 1415 171 1490 dinein
184 1421 287 1479 castris
303 1438 461 1481 concursus
473 1417 508 1480 fit·
524 1418 562 1480 ad
578 1420 721 1500 praetoria
738 1437 845 1480 consu-

59 1494 144 1568 lum,
167 1499 373 1561 nunciantium
387 1499 488 1579 lugam
507 1498 638 1558 hostium
660 1499 732 1558 adeo
750 1499 845 1579 trepi-

60 1574 152 1648 dam,
177 1587 228 1650 ut,
249 1578 443 1641 tabernaculis
465 1577 633 1648 stantibus,
659 1590 753 1650 castra
776 1579 846 1637 reli

58 1657 202 1736 querint‘:
224 1657 421 1738 qudquefuga
435 1659 590 1719 obscurior
602 1669 680 1718 esset
697 1706 707 1735 ,
726 1658 846 1719 crebros

59 1737 153 1797 etiam
172 1735 294 1799 relictos
317 1741 411 1817 ignes.
436 1740 557 1803 Clamor
579 1737 646 1796 inde
670 1750 782 1812 ortus,
811 1749 864 1798 ut,

58 1816 141 1896 signa
157 1818 290 1898 proferri
300 1821 454 1899 juberent,
476 1819 675 1900 ducerentque
697 1818 731 1881 erl
746 1837 843 1912 perse·

57 1895 188 1976 quendos
207 1899 326 1974 hostes,
349 1920 384 1961 ec
397 1901 534 1982 protinus
552 1912 648 1960 castra
664 1897 841 1980 diripienda.

58 1977 97 2038 Et
115 1979 218 2042 consul
230 1982 305 2040 alter
321 1980 399 2043 velut
410 1999 486 2041 nnus
502 1981 595 2040 turbae
609 1978 747 2040 militaris
767 1990 841 2039 erat.

60 2048 179 2115 Paullus
200 2060 290 2118 etiam
302 2070 390 2139 atque
405 2063 497 2120 etiam
515 2059 614 2119 dicere
633 2059 845 2141 providendum
951 2097 954 2102 ·

60 2126 339 2216 precavendumqne
356 2157 431 2199 esse.
459 2140 636 2208 Postremi,
666 2139 734 2199 clim
756 2138 845 2199 aliter

60 2233 161 2297 neque,
170 2216 346 2279 seditionem
358 2237 455 2296 neque
469 2217 573 2278 ducem
585 2217 742 2279 seditionis
760 2219 847 2281 susti·

59 2300 131 2352 nere
145 2307 260 2374 posset,
282 2297 409 2363 Marium
420 2298 571 2358 Statilium
588 2299 758 2380 prefectum
775 2319 846 2361 cum

56 2384 156 2434 turma
171 2375 290 2437 Lucana
301 2377 487 2459 exploratum
501 2379 603 2439 mittit.
618 2379 679 2458 Qui
693 2425 703 2453 ‚
715 2380 766 2440 ubi
780 2380 844 2441 ade-

60 2455 185 2533 quitavit
196 2458 293 2536 portis
308 2502 317 2532 ‚
339 2458 500 2518 subsistere
513 2470 595 2520 extre
606 2459 788 2521 munimenta
799 2481 846 2522 ce·

60 2535 132 2593 teria
145 2535 233 2611 jussis
251 2582 261 2610 ,
280 2539 348 2619 ipse
365 2534 432 2598 cum
442 2537 559 2600 duobus
571 2541 720 2618 equitibus
735 2542 845 2602 vallum

57 2611 199 2688 intravit:
217 2618 441 2696 speculatusque
452 2622 553 2680 omnia
564 2641 630 2680 curn
645 2638 730 2693 cura,
741 2640 845 2688 renun-

49 2694 120 2779 ,εἰεί
135 2737 144 2763 ,
166 2695 289 2757 insidiet
302 2698 435 2778 profecti>
446 2717 528 2758 esse:
546 2701 630 2780 ignes
645 2702 675 2759 in
690 2715 771 2782 parte
785 2719 845 2763 cas·

58 2785 192 2848 trorum,
208 2796 278 2857 quae
290 2779 428 2857 vergetin
441 2779 576 2853 hostem,
594 2779 734 2842 relictos:
752 2783 844 2843 taber·
893 2823 895 2829 ,

58 2855 163 2935 nacula
186 2867 319 2938 aperta,
342 2869 372 2918 et
388 2861 486 2920 omnis
502 2880 569 2923 care
591 2859 620 2919 in
640 2875 779 2944 promptu
801 2883 850 2921 ree

58 2932 156 2994 licta:
181 2948 334 3017 etgentum
355 2939 526 3019 quibusdam
547 2939 622 3002 locis
652 2947 766 3003 temere
791 2963 844 3024 per

60 3013 122 3073 ‚tias
137 3054 147 3085 ‚
168 3018 246 3078 velut
260 3019 410 3099 obiectum
422 3019 595 3104 adpraedam
610 3067 619 3096 ‚
642 3023 763 3084 vidisse.

96 3137 136 3215 9,(
147 3139 244 3195 Omnis
248 3142 373 3216 fortnnae
387 3166 437 3217 pu·
471 3138 622 3215 reipublice
644 3149 846 3218 Carthaginien·

63 3200 344 3280 bnlrcoeprr'vataeque)
356 3213 438 3265 lntel-
472 3218 541 3266 sium
552 3228 653 3275 essent,
665 3217 720 3267 sive
728 3233 784 3284 quae
792 3217 846 3268 sin-

64 3268 438 3351 lrgeornniacarmivequae
472 3281 844 3355 gulorummilitumacducttnt

660 3350 688 3412 B.
708 3366 732 3411 a·
